S.N,Contract_No,Stock_Symbol,Buyer_Broker,Seller_Broker,Quantity,Rate,Amount,Date
1,2019101401003354,SRBL,1,43,192,236,45312.00,2019-10-14 16:24:48.929398
2,2019101401003355,SRBL,1,43,200,236,47200.00,2019-10-14 16:24:48.929398
3,2019101401003356,SRBL,13,43,200,236,47200.00,2019-10-14 16:24:48.929398
4,2019101401003357,SRBL,20,43,158,236,37288.00,2019-10-14 16:24:48.929398
5,2019101401003358,MERO,34,34,10,556,5560.00,2019-10-14 16:24:48.929398
6,2019101401003359,RHPL,39,11,200,158,31600.00,2019-10-14 16:24:48.929398
7,2019101401003360,CBBL,42,19,300,969,290700.00,2019-10-14 16:24:48.929398
8,2019101401003361,SANIMA,45,22,15,304,4560.00,2019-10-14 16:24:48.929398
9,2019101401003362,PRVU,55,4,132,266,35112.00,2019-10-14 16:24:48.929398
10,2019101401003363,SJCL,7,21,20,167,3340.00,2019-10-14 16:24:48.929398
11,2019101401003364,UPPER,33,45,10,236,2360.00,2019-10-14 16:24:48.929398
12,2019101401003365,GFCL,28,11,240,134,32160.00,2019-10-14 16:24:48.929398
13,2019101401003366,GFCL,28,11,1000,134,134000.00,2019-10-14 16:24:48.929398
14,2019101401003367,CCBL,45,58,13,154,2002.00,2019-10-14 16:24:48.929398
15,2019101401003368,CCBL,45,14,17,155,2635.00,2019-10-14 16:24:48.929398
16,2019101401003369,NLG,6,25,11,543,5973.00,2019-10-14 16:24:48.929398
17,2019101401003370,JFL,8,32,604,193,116572.00,2019-10-14 16:24:48.929398
18,2019101401003371,PLIC,28,58,100,321,32100.00,2019-10-14 16:24:48.929398
19,2019101401003372,SHIVM,7,22,50,505,25250.00,2019-10-14 16:24:48.929398
20,2019101401003373,CZBIL,32,5,25,195,4875.00,2019-10-14 16:24:48.929398
21,2019101401003374,CZBIL,41,5,50,195,9750.00,2019-10-14 16:24:48.929398
22,2019101401003375,CZBIL,49,5,925,194,179450.00,2019-10-14 16:24:48.929398
23,2019101401003376,GFCL,59,11,950,133,126350.00,2019-10-14 16:24:48.929398
24,2019101401003377,NCCB,8,55,20,198,3960.00,2019-10-14 16:24:48.929398
25,2019101401003378,PIC,8,58,32,364,11648.00,2019-10-14 16:24:48.929398
26,2019101401003379,PIC,8,50,18,367,6606.00,2019-10-14 16:24:48.929398
27,2019101401003380,NABIL,49,1,100,765,76500.00,2019-10-14 16:24:48.929398
28,2019101401003381,NADEP,28,58,200,399,79800.00,2019-10-14 16:24:48.929398
29,2019101401003382,NADEP,29,58,50,399,19950.00,2019-10-14 16:24:48.929398
30,2019101401003383,NADEP,42,58,280,398,111440.00,2019-10-14 16:24:48.929398
31,2019101401003384,NADEP,26,58,50,398,19900.00,2019-10-14 16:24:48.929398
32,2019101401003385,NADEP,39,58,30,398,11940.00,2019-10-14 16:24:48.929398
33,2019101401003386,NADEP,57,58,490,396,194040.00,2019-10-14 16:24:48.929398
34,2019101401003387,LBL,34,42,10,214,2140.00,2019-10-14 16:24:48.929398
35,2019101401003388,SJCL,52,58,650,168,109200.00,2019-10-14 16:24:48.929398
36,2019101401003389,SJCL,52,46,100,168,16800.00,2019-10-14 16:24:48.929398
37,2019101401003390,GFCL,59,11,550,133,73150.00,2019-10-14 16:24:48.929398
38,2019101401003391,MNBBL,1,6,27,304,8208.00,2019-10-14 16:24:48.929398
39,2019101401003392,MNBBL,55,6,312,303,94536.00,2019-10-14 16:24:48.929398
40,2019101401003393,MNBBL,41,6,21,303,6363.00,2019-10-14 16:24:48.929398
41,2019101401003394,MNBBL,7,6,140,303,42420.00,2019-10-14 16:24:48.929398
42,2019101401003395,NICA,35,13,19,378,7182.00,2019-10-14 16:24:48.929398
43,2019101401003396,SCB,39,19,20,570,11400.00,2019-10-14 16:24:48.929398
44,2019101401003397,SCB,36,19,16,570,9120.00,2019-10-14 16:24:48.929398
45,2019101401003398,RSDC,26,58,62,322,19964.00,2019-10-14 16:24:48.929398
46,2019101401003399,LICN,56,49,637,980,624260.00,2019-10-14 16:24:48.929398
47,2019101401003400,NBL,33,33,190,314,59660.00,2019-10-14 16:24:48.929398
48,2019101401003401,NBL,33,58,10,315,3150.00,2019-10-14 16:24:48.929398
49,2019101401003402,NCCB,58,55,10,198,1980.00,2019-10-14 16:24:48.929398
50,2019101401003403,SHIVM,48,43,10,508,5080.00,2019-10-14 16:24:48.929398
51,2019101401003265,CLBSL,57,49,10,484,4840.00,2019-10-14 16:24:48.929398
52,2019101401003266,NLICL,44,50,80,461,36880.00,2019-10-14 16:24:48.929398
53,2019101401003267,PRVU,36,4,50,267,13350.00,2019-10-14 16:24:48.929398
54,2019101401003268,NADEP,28,58,50,399,19950.00,2019-10-14 16:24:48.929398
55,2019101401003269,CBL,43,17,10,144,1440.00,2019-10-14 16:24:48.929398
56,2019101401003270,SHIVM,55,21,100,502,50200.00,2019-10-14 16:24:48.929398
57,2019101401003271,NBB,25,34,500,210,105000.00,2019-10-14 16:24:48.929398
58,2019101401003272,NBB,25,25,400,210,84000.00,2019-10-14 16:24:48.929398
59,2019101401003273,RSDC,36,22,33,327,10791.00,2019-10-14 16:24:48.929398
60,2019101401003274,NABIL,34,1,10,765,7650.00,2019-10-14 16:24:48.929398
61,2019101401003275,SJCL,52,44,20,167,3340.00,2019-10-14 16:24:48.929398
62,2019101401003276,KRBL,5,41,20,103,2060.00,2019-10-14 16:24:48.929398
63,2019101401003277,HURJA,52,26,20,104,2080.00,2019-10-14 16:24:48.929398
64,2019101401003278,HURJA,52,26,20,104,2080.00,2019-10-14 16:24:48.929398
65,2019101401003279,GLICL,25,38,20,364,7280.00,2019-10-14 16:24:48.929398
66,2019101401003280,AKBSL,55,55,10,407,4070.00,2019-10-14 16:24:48.929398
67,2019101401003281,JBBL,14,4,100,158,15800.00,2019-10-14 16:24:48.929398
68,2019101401003282,JBBL,34,4,260,158,41080.00,2019-10-14 16:24:48.929398
69,2019101401003283,NICA,35,58,100,378,37800.00,2019-10-14 16:24:48.929398
70,2019101401003284,CIT,14,39,26,1771,46046.00,2019-10-14 16:24:48.929398
71,2019101401003285,RBCL,6,25,10,8400,84000.00,2019-10-14 16:24:48.929398
72,2019101401003286,RBCL,38,25,10,8395,83950.00,2019-10-14 16:24:48.929398
73,2019101401003287,RBCL,39,25,10,8394,83940.00,2019-10-14 16:24:48.929398
74,2019101401003288,SKBBL,42,34,100,924,92400.00,2019-10-14 16:24:48.929398
75,2019101401003289,SKBBL,42,14,102,925,94350.00,2019-10-14 16:24:48.929398
76,2019101401003290,NTC,59,46,10,629,6290.00,2019-10-14 16:24:48.929398
77,2019101401003291,SJCL,7,44,20,167,3340.00,2019-10-14 16:24:48.929398
78,2019101401003292,BPCL,33,26,10,363,3630.00,2019-10-14 16:24:48.929398
79,2019101401003293,DBBL,25,4,150,127,19050.00,2019-10-14 16:24:48.929398
80,2019101401003294,DBBL,8,4,400,127,50800.00,2019-10-14 16:24:48.929398
81,2019101401003295,DBBL,25,4,300,127,38100.00,2019-10-14 16:24:48.929398
82,2019101401003296,AKBSL,55,55,10,407,4070.00,2019-10-14 16:24:48.929398
83,2019101401003297,RHPL,39,21,40,158,6320.00,2019-10-14 16:24:48.929398
84,2019101401003298,OHL,13,4,60,478,28680.00,2019-10-14 16:24:48.929398
85,2019101401003299,OHL,35,4,10,478,4780.00,2019-10-14 16:24:48.929398
86,2019101401003300,OHL,45,4,10,478,4780.00,2019-10-14 16:24:48.929398
87,2019101401003301,OHL,35,4,10,478,4780.00,2019-10-14 16:24:48.929398
88,2019101401003302,OHL,55,4,50,477,23850.00,2019-10-14 16:24:48.929398
89,2019101401003303,OHL,55,4,17,477,8109.00,2019-10-14 16:24:48.929398
90,2019101401003304,OHL,6,4,20,477,9540.00,2019-10-14 16:24:48.929398
91,2019101401003305,OHL,22,4,100,477,47700.00,2019-10-14 16:24:48.929398
92,2019101401003306,OHL,28,4,150,477,71550.00,2019-10-14 16:24:48.929398
93,2019101401003307,OHL,57,4,500,476,238000.00,2019-10-14 16:24:48.929398
94,2019101401003308,OHL,51,4,110,476,52360.00,2019-10-14 16:24:48.929398
95,2019101401003309,OHL,35,4,10,476,4760.00,2019-10-14 16:24:48.929398
96,2019101401003310,OHL,5,4,172,476,81872.00,2019-10-14 16:24:48.929398
97,2019101401003311,PRVU,38,10,200,265,53000.00,2019-10-14 16:24:48.929398
98,2019101401003312,PRVU,39,10,500,265,132500.00,2019-10-14 16:24:48.929398
99,2019101401003313,PRVU,35,10,1000,265,265000.00,2019-10-14 16:24:48.929398
100,2019101401003314,PRVU,17,10,84,265,22260.00,2019-10-14 16:24:48.929398
101,2019101401003315,PRVU,41,10,100,265,26500.00,2019-10-14 16:24:48.929398
102,2019101401003316,PRVU,52,10,500,265,132500.00,2019-10-14 16:24:48.929398
103,2019101401003317,PRVU,38,10,1000,265,265000.00,2019-10-14 16:24:48.929398
104,2019101401003318,PRVU,21,10,50,265,13250.00,2019-10-14 16:24:48.929398
105,2019101401003319,PRVU,57,10,500,265,132500.00,2019-10-14 16:24:48.929398
106,2019101401003320,PRVU,34,10,100,265,26500.00,2019-10-14 16:24:48.929398
107,2019101401003321,PRVU,40,10,100,265,26500.00,2019-10-14 16:24:48.929398
108,2019101401003322,PRVU,17,10,100,265,26500.00,2019-10-14 16:24:48.929398
109,2019101401003323,PRVU,28,10,1500,265,397500.00,2019-10-14 16:24:48.929398
110,2019101401003324,PRVU,28,10,1500,265,397500.00,2019-10-14 16:24:48.929398
111,2019101401003325,PRVU,28,10,1500,265,397500.00,2019-10-14 16:24:48.929398
112,2019101401003326,PRVU,28,10,500,265,132500.00,2019-10-14 16:24:48.929398
113,2019101401003327,PRVU,43,10,250,265,66250.00,2019-10-14 16:24:48.929398
114,2019101401003328,PRVU,32,10,30,265,7950.00,2019-10-14 16:24:48.929398
115,2019101401003329,PRVU,8,10,100,265,26500.00,2019-10-14 16:24:48.929398
116,2019101401003330,PRVU,45,10,200,265,53000.00,2019-10-14 16:24:48.929398
117,2019101401003331,PRVU,48,10,500,265,132500.00,2019-10-14 16:24:48.929398
118,2019101401003332,PRVU,39,10,50,265,13250.00,2019-10-14 16:24:48.929398
119,2019101401003333,PRVU,52,10,1000,265,265000.00,2019-10-14 16:24:48.929398
120,2019101401003334,PRVU,48,10,50,265,13250.00,2019-10-14 16:24:48.929398
121,2019101401003335,PRVU,32,10,2000,265,530000.00,2019-10-14 16:24:48.929398
122,2019101401003336,PRVU,32,10,300,265,79500.00,2019-10-14 16:24:48.929398
123,2019101401003337,PRVU,22,10,50,264,13200.00,2019-10-14 16:24:48.929398
124,2019101401003338,PRVU,26,10,100,264,26400.00,2019-10-14 16:24:48.929398
125,2019101401003339,PRVU,34,10,500,264,132000.00,2019-10-14 16:24:48.929398
126,2019101401003340,PRVU,44,10,1000,264,264000.00,2019-10-14 16:24:48.929398
127,2019101401003341,PRVU,19,10,100,264,26400.00,2019-10-14 16:24:48.929398
128,2019101401003342,PRVU,11,10,30,264,7920.00,2019-10-14 16:24:48.929398
129,2019101401003343,PRVU,49,10,50,264,13200.00,2019-10-14 16:24:48.929398
130,2019101401003344,PRVU,8,10,456,264,120384.00,2019-10-14 16:24:48.929398
131,2019101401003345,EBL,49,33,100,560,56000.00,2019-10-14 16:24:48.929398
132,2019101401003346,SANIMA,17,22,300,305,91500.00,2019-10-14 16:24:48.929398
133,2019101401003347,PIC,59,58,18,364,6552.00,2019-10-14 16:24:48.929398
134,2019101401003348,PIC,40,58,50,364,18200.00,2019-10-14 16:24:48.929398
135,2019101401003349,JFL,56,32,200,194,38800.00,2019-10-14 16:24:48.929398
136,2019101401003350,JFL,19,32,500,194,97000.00,2019-10-14 16:24:48.929398
137,2019101401003351,MSLB,14,48,42,917,38514.00,2019-10-14 16:24:48.929398
138,2019101401003352,NLICL,43,52,10,462,4620.00,2019-10-14 16:24:48.929398
139,2019101401003353,AKBSL,58,55,10,407,4070.00,2019-10-14 16:24:48.929398
140,2019101401003212,CBL,28,58,609,143,87087.00,2019-10-14 16:24:48.929398
141,2019101401003213,CBL,28,58,2000,143,286000.00,2019-10-14 16:24:48.929398
142,2019101401003214,NABIL,6,19,15,758,11370.00,2019-10-14 16:24:48.929398
143,2019101401003215,NLICL,43,39,10,463,4630.00,2019-10-14 16:24:48.929398
144,2019101401003216,PRVU,33,45,8329,266,2215514.00,2019-10-14 16:24:48.929398
145,2019101401003217,ADBL,39,58,2000,410,820000.00,2019-10-14 16:24:48.929398
146,2019101401003218,OHL,50,4,50,480,24000.00,2019-10-14 16:24:48.929398
147,2019101401003219,LICN,6,49,30,980,29400.00,2019-10-14 16:24:48.929398
148,2019101401003220,FMDBL,19,56,50,316,15800.00,2019-10-14 16:24:48.929398
149,2019101401003221,NICA,6,5,10,380,3800.00,2019-10-14 16:24:48.929398
150,2019101401003222,NICA,45,5,500,380,190000.00,2019-10-14 16:24:48.929398
151,2019101401003223,NICA,42,5,40,380,15200.00,2019-10-14 16:24:48.929398
152,2019101401003224,HIDCL,13,45,51,138,7038.00,2019-10-14 16:24:48.929398
153,2019101401003225,HIDCL,13,19,500,138,69000.00,2019-10-14 16:24:48.929398
154,2019101401003226,NICA,42,44,460,380,174800.00,2019-10-14 16:24:48.929398
155,2019101401003227,NICA,39,44,25,380,9500.00,2019-10-14 16:24:48.929398
156,2019101401003228,NICA,14,44,30,380,11400.00,2019-10-14 16:24:48.929398
157,2019101401003229,NICA,1,44,200,380,76000.00,2019-10-14 16:24:48.929398
158,2019101401003230,NICA,56,44,25,380,9500.00,2019-10-14 16:24:48.929398
159,2019101401003231,CHCL,13,45,10,421,4210.00,2019-10-14 16:24:48.929398
160,2019101401003232,NEF,22,18,2035,7.25,14753.75,2019-10-14 16:24:48.929398
161,2019101401003233,AKBSL,55,55,10,407,4070.00,2019-10-14 16:24:48.929398
162,2019101401003234,ILBS,47,58,100,418,41800.00,2019-10-14 16:24:48.929398
163,2019101401003235,SHIVM,52,39,370,502,185740.00,2019-10-14 16:24:48.929398
164,2019101401003236,SHIVM,41,39,10,502,5020.00,2019-10-14 16:24:48.929398
165,2019101401003237,SHIVM,25,39,100,502,50200.00,2019-10-14 16:24:48.929398
166,2019101401003238,SHIVM,55,39,120,502,60240.00,2019-10-14 16:24:48.929398
167,2019101401003239,NICA,22,26,20,378,7560.00,2019-10-14 16:24:48.929398
168,2019101401003240,NICA,35,26,131,378,49518.00,2019-10-14 16:24:48.929398
169,2019101401003241,MEGA,43,44,10,197,1970.00,2019-10-14 16:24:48.929398
170,2019101401003242,SBL,51,53,502,336,168672.00,2019-10-14 16:24:48.929398
171,2019101401003243,SBL,51,53,498,336,167328.00,2019-10-14 16:24:48.929398
172,2019101401003244,UPPER,54,45,20,234,4680.00,2019-10-14 16:24:48.929398
173,2019101401003245,HPPL,18,44,10,144,1440.00,2019-10-14 16:24:48.929398
174,2019101401003246,RHPC,33,38,25,78,1950.00,2019-10-14 16:24:48.929398
175,2019101401003247,PRVU,6,4,50,267,13350.00,2019-10-14 16:24:48.929398
176,2019101401003248,MEGA,11,44,50,197,9850.00,2019-10-14 16:24:48.929398
177,2019101401003249,HIDCL,13,1,14,139,1946.00,2019-10-14 16:24:48.929398
178,2019101401003250,HIDCL,13,45,500,139,69500.00,2019-10-14 16:24:48.929398
179,2019101401003251,HIDCL,13,41,200,139,27800.00,2019-10-14 16:24:48.929398
180,2019101401003252,AKJCL,59,47,150,56,8400.00,2019-10-14 16:24:48.929398
181,2019101401003253,AKJCL,59,49,30,56,1680.00,2019-10-14 16:24:48.929398
182,2019101401003254,NTC,39,42,5000,622,3110000.00,2019-10-14 16:24:48.929398
183,2019101401003255,MERO,43,18,50,555,27750.00,2019-10-14 16:24:48.929398
184,2019101401003256,NCCB,8,55,10,198,1980.00,2019-10-14 16:24:48.929398
185,2019101401003257,NBL,43,33,10,314,3140.00,2019-10-14 16:24:48.929398
186,2019101401003258,AKBSL,55,55,10,407,4070.00,2019-10-14 16:24:48.929398
187,2019101401003259,RHPL,29,44,30,159,4770.00,2019-10-14 16:24:48.929398
188,2019101401003260,RHPL,29,58,10,159,1590.00,2019-10-14 16:24:48.929398
189,2019101401003261,SBL,28,56,59,337,19883.00,2019-10-14 16:24:48.929398
190,2019101401003262,SBL,28,34,141,337,47517.00,2019-10-14 16:24:48.929398
191,2019101401003263,RHPC,34,38,100,77,7700.00,2019-10-14 16:24:48.929398
192,2019101401003264,RHPC,26,38,120,77,9240.00,2019-10-14 16:24:48.929398
193,2019101401003174,NBB,56,34,500,210,105000.00,2019-10-14 16:24:48.929398
194,2019101401003175,EDBL,11,57,420,270,113400.00,2019-10-14 16:24:48.929398
195,2019101401003176,EDBL,11,57,80,270,21600.00,2019-10-14 16:24:48.929398
196,2019101401003177,FMDBL,26,19,11,317,3487.00,2019-10-14 16:24:48.929398
197,2019101401003178,FMDBL,44,19,50,316,15800.00,2019-10-14 16:24:48.929398
198,2019101401003179,FMDBL,19,19,439,316,138724.00,2019-10-14 16:24:48.929398
199,2019101401003180,UPPER,56,45,70,234,16380.00,2019-10-14 16:24:48.929398
200,2019101401003181,UPPER,56,45,30,234,7020.00,2019-10-14 16:24:48.929398
201,2019101401003182,UPPER,37,45,50,234,11700.00,2019-10-14 16:24:48.929398
202,2019101401003183,SIC,22,10,10,470,4700.00,2019-10-14 16:24:48.929398
203,2019101401003184,SIC,34,10,190,465,88350.00,2019-10-14 16:24:48.929398
204,2019101401003185,PMHPL,54,52,20,88,1760.00,2019-10-14 16:24:48.929398
205,2019101401003186,SBL,51,14,498,336,167328.00,2019-10-14 16:24:48.929398
206,2019101401003187,KRBL,37,41,100,103,10300.00,2019-10-14 16:24:48.929398
207,2019101401003188,SHIVM,25,22,90,503,45270.00,2019-10-14 16:24:48.929398
208,2019101401003189,SHIVM,32,22,200,503,100600.00,2019-10-14 16:24:48.929398
209,2019101401003190,SHIVM,4,22,600,503,301800.00,2019-10-14 16:24:48.929398
210,2019101401003191,SHIVM,4,22,900,503,452700.00,2019-10-14 16:24:48.929398
211,2019101401003192,SHIVM,14,22,10,503,5030.00,2019-10-14 16:24:48.929398
212,2019101401003193,SHIVM,32,22,200,503,100600.00,2019-10-14 16:24:48.929398
213,2019101401003194,API,25,45,50,112,5600.00,2019-10-14 16:24:48.929398
214,2019101401003195,NLIC,46,41,49,760,37240.00,2019-10-14 16:24:48.929398
215,2019101401003196,NLIC,38,41,10,760,7600.00,2019-10-14 16:24:48.929398
216,2019101401003197,NLIC,28,41,7,760,5320.00,2019-10-14 16:24:48.929398
217,2019101401003198,SHIVM,25,4,250,502,125500.00,2019-10-14 16:24:48.929398
218,2019101401003199,SHIVM,32,4,200,502,100400.00,2019-10-14 16:24:48.929398
219,2019101401003200,SHIVM,42,4,50,502,25100.00,2019-10-14 16:24:48.929398
220,2019101401003201,SHIVM,49,4,300,502,150600.00,2019-10-14 16:24:48.929398
221,2019101401003202,SHIVM,40,4,20,502,10040.00,2019-10-14 16:24:48.929398
222,2019101401003203,SHIVM,52,4,130,502,65260.00,2019-10-14 16:24:48.929398
223,2019101401003204,LBL,28,38,25,213,5325.00,2019-10-14 16:24:48.929398
224,2019101401003205,SRBL,55,43,120,237,28440.00,2019-10-14 16:24:48.929398
225,2019101401003206,SRBL,35,43,30,237,7110.00,2019-10-14 16:24:48.929398
226,2019101401003207,SRBL,17,43,100,237,23700.00,2019-10-14 16:24:48.929398
227,2019101401003208,SABSL,32,55,10,447,4470.00,2019-10-14 16:24:48.929398
228,2019101401003209,MNBBL,1,6,133,304,40432.00,2019-10-14 16:24:48.929398
229,2019101401003210,NTC,59,46,10,629,6290.00,2019-10-14 16:24:48.929398
230,2019101401003211,DBBL,13,4,50,128,6400.00,2019-10-14 16:24:48.929398
231,2019101401003144,GBLBS,6,42,40,312,12480.00,2019-10-14 16:24:48.929398
232,2019101401003145,RHPL,39,44,30,158,4740.00,2019-10-14 16:24:48.929398
233,2019101401003146,SJCL,52,57,20,167,3340.00,2019-10-14 16:24:48.929398
234,2019101401003147,SAPDBL,32,16,20,127,2540.00,2019-10-14 16:24:48.929398
235,2019101401003148,SBL,35,14,20,336,6720.00,2019-10-14 16:24:48.929398
236,2019101401003149,SBL,26,14,312,336,104832.00,2019-10-14 16:24:48.929398
237,2019101401003150,SBL,25,14,150,336,50400.00,2019-10-14 16:24:48.929398
238,2019101401003151,BOKL,49,5,1208,233,281464.00,2019-10-14 16:24:48.929398
239,2019101401003152,BOKL,45,5,50,233,11650.00,2019-10-14 16:24:48.929398
240,2019101401003153,BOKL,7,5,50,233,11650.00,2019-10-14 16:24:48.929398
241,2019101401003154,BOKL,14,5,500,233,116500.00,2019-10-14 16:24:48.929398
242,2019101401003155,BOKL,4,5,200,233,46600.00,2019-10-14 16:24:48.929398
243,2019101401003156,BOKL,49,5,50,233,11650.00,2019-10-14 16:24:48.929398
244,2019101401003157,BOKL,59,5,42,233,9786.00,2019-10-14 16:24:48.929398
245,2019101401003158,API,7,6,150,111,16650.00,2019-10-14 16:24:48.929398
246,2019101401003159,HDL,32,19,25,1461,36525.00,2019-10-14 16:24:48.929398
247,2019101401003160,SHINE,49,45,100,252,25200.00,2019-10-14 16:24:48.929398
248,2019101401003161,TMDBL,39,57,25,150,3750.00,2019-10-14 16:24:48.929398
249,2019101401003162,CZBIL,32,19,270,195,52650.00,2019-10-14 16:24:48.929398
250,2019101401003163,LLBS,25,50,33,670,22110.00,2019-10-14 16:24:48.929398
251,2019101401003164,NLIC,54,10,50,760,38000.00,2019-10-14 16:24:48.929398
252,2019101401003165,NLIC,19,10,50,760,38000.00,2019-10-14 16:24:48.929398
253,2019101401003166,NLIC,46,10,79,760,60040.00,2019-10-14 16:24:48.929398
254,2019101401003167,GBLBS,6,19,50,312,15600.00,2019-10-14 16:24:48.929398
255,2019101401003168,GBLBS,53,19,150,311,46650.00,2019-10-14 16:24:48.929398
256,2019101401003169,GBLBS,35,19,185,311,57535.00,2019-10-14 16:24:48.929398
257,2019101401003170,PRVU,25,45,500,266,133000.00,2019-10-14 16:24:48.929398
258,2019101401003171,PRVU,37,45,195,266,51870.00,2019-10-14 16:24:48.929398
259,2019101401003172,JBBL,49,4,300,160,48000.00,2019-10-14 16:24:48.929398
260,2019101401003173,SBL,13,14,20,336,6720.00,2019-10-14 16:24:48.929398
261,2019101401003104,SBL,38,36,116,336,38976.00,2019-10-14 16:24:48.929398
262,2019101401003105,SBL,26,36,184,335,61640.00,2019-10-14 16:24:48.929398
263,2019101401003106,ADBL,49,58,1440,410,590400.00,2019-10-14 16:24:48.929398
264,2019101401003107,MNBBL,55,41,220,303,66660.00,2019-10-14 16:24:48.929398
265,2019101401003108,NTC,39,42,5000,622,3110000.00,2019-10-14 16:24:48.929398
266,2019101401003109,RHPL,39,42,40,158,6320.00,2019-10-14 16:24:48.929398
267,2019101401003110,SBL,28,56,50,337,16850.00,2019-10-14 16:24:48.929398
268,2019101401003111,CBL,45,58,145,143,20735.00,2019-10-14 16:24:48.929398
269,2019101401003112,PRVU,42,45,45,266,11970.00,2019-10-14 16:24:48.929398
270,2019101401003113,PRVU,26,45,50,266,13300.00,2019-10-14 16:24:48.929398
271,2019101401003114,PRVU,46,45,70,266,18620.00,2019-10-14 16:24:48.929398
272,2019101401003115,PRVU,6,45,105,266,27930.00,2019-10-14 16:24:48.929398
273,2019101401003116,HBL,35,10,20,500,10000.00,2019-10-14 16:24:48.929398
274,2019101401003117,HBL,57,10,20,500,10000.00,2019-10-14 16:24:48.929398
275,2019101401003118,HBL,11,10,90,499,44910.00,2019-10-14 16:24:48.929398
276,2019101401003119,HBL,47,10,50,494,24700.00,2019-10-14 16:24:48.929398
277,2019101401003120,HBL,52,10,20,493,9860.00,2019-10-14 16:24:48.929398
278,2019101401003121,NBL,21,54,229,313,71677.00,2019-10-14 16:24:48.929398
279,2019101401003122,NBL,13,54,550,313,172150.00,2019-10-14 16:24:48.929398
280,2019101401003123,NBL,48,54,75,313,23475.00,2019-10-14 16:24:48.929398
281,2019101401003124,GFCL,59,11,50,136,6800.00,2019-10-14 16:24:48.929398
282,2019101401003125,FMDBL,19,41,113,318,35934.00,2019-10-14 16:24:48.929398
283,2019101401003126,FMDBL,51,41,20,317,6340.00,2019-10-14 16:24:48.929398
284,2019101401003127,FMDBL,48,41,51,317,16167.00,2019-10-14 16:24:48.929398
285,2019101401003128,NHPC,20,14,90,53,4770.00,2019-10-14 16:24:48.929398
286,2019101401003129,SJCL,52,42,20,167,3340.00,2019-10-14 16:24:48.929398
287,2019101401003130,SJCL,52,44,20,167,3340.00,2019-10-14 16:24:48.929398
288,2019101401003131,SCB,58,19,100,570,57000.00,2019-10-14 16:24:48.929398
289,2019101401003132,PRVU,17,45,100,266,26600.00,2019-10-14 16:24:48.929398
290,2019101401003133,RHPL,39,57,30,158,4740.00,2019-10-14 16:24:48.929398
291,2019101401003134,NBL,26,8,460,313,143980.00,2019-10-14 16:24:48.929398
292,2019101401003135,PRVU,32,45,200,266,53200.00,2019-10-14 16:24:48.929398
293,2019101401003136,PRVU,25,45,100,266,26600.00,2019-10-14 16:24:48.929398
294,2019101401003137,NHPC,20,56,50,54,2700.00,2019-10-14 16:24:48.929398
295,2019101401003138,NMBSF1,34,8,4000,10.1,40400.00,2019-10-14 16:24:48.929398
296,2019101401003139,HURJA,52,45,20,104,2080.00,2019-10-14 16:24:48.929398
297,2019101401003140,HURJA,52,45,20,104,2080.00,2019-10-14 16:24:48.929398
298,2019101401003141,HURJA,52,45,20,104,2080.00,2019-10-14 16:24:48.929398
299,2019101401003142,HURJA,52,32,20,104,2080.00,2019-10-14 16:24:48.929398
300,2019101401003143,HURJA,52,32,20,104,2080.00,2019-10-14 16:24:48.929398
301,2019101401003058,GLICL,14,41,120,357,42840.00,2019-10-14 16:24:48.929398
302,2019101401003059,RSDC,26,19,38,322,12236.00,2019-10-14 16:24:48.929398
303,2019101401003060,SJCL,52,44,20,167,3340.00,2019-10-14 16:24:48.929398
304,2019101401003061,CHCL,13,36,219,421,92199.00,2019-10-14 16:24:48.929398
305,2019101401003062,PIC,59,40,11,364,4004.00,2019-10-14 16:24:48.929398
306,2019101401003063,SBL,7,10,100,336,33600.00,2019-10-14 16:24:48.929398
307,2019101401003064,SBL,38,10,384,336,129024.00,2019-10-14 16:24:48.929398
308,2019101401003065,NMBMF,1,41,10,1105,11050.00,2019-10-14 16:24:48.929398
309,2019101401003066,RHPL,28,33,530,159,84270.00,2019-10-14 16:24:48.929398
310,2019101401003067,RHPL,28,42,40,159,6360.00,2019-10-14 16:24:48.929398
311,2019101401003068,RHPL,28,19,300,159,47700.00,2019-10-14 16:24:48.929398
312,2019101401003069,NHPC,8,43,10,53,530.00,2019-10-14 16:24:48.929398
313,2019101401003070,NHPC,8,14,10,53,530.00,2019-10-14 16:24:48.929398
314,2019101401003071,NLICL,44,41,120,461,55320.00,2019-10-14 16:24:48.929398
315,2019101401003072,NLICL,44,59,650,461,299650.00,2019-10-14 16:24:48.929398
316,2019101401003073,SANIMA,45,48,90,305,27450.00,2019-10-14 16:24:48.929398
317,2019101401003074,SANIMA,38,48,230,305,70150.00,2019-10-14 16:24:48.929398
318,2019101401003075,SANIMA,19,48,50,305,15250.00,2019-10-14 16:24:48.929398
319,2019101401003076,SANIMA,49,48,100,305,30500.00,2019-10-14 16:24:48.929398
320,2019101401003077,SANIMA,58,48,30,305,9150.00,2019-10-14 16:24:48.929398
321,2019101401003078,PLIC,28,36,99,321,31779.00,2019-10-14 16:24:48.929398
322,2019101401003079,ALICL,48,10,50,310,15500.00,2019-10-14 16:24:48.929398
323,2019101401003080,ALICL,11,10,479,310,148490.00,2019-10-14 16:24:48.929398
324,2019101401003081,NIB,44,45,50,437,21850.00,2019-10-14 16:24:48.929398
325,2019101401003082,NIB,17,45,150,436,65400.00,2019-10-14 16:24:48.929398
326,2019101401003083,NIB,22,45,18,436,7848.00,2019-10-14 16:24:48.929398
327,2019101401003084,NIB,39,45,64,436,27904.00,2019-10-14 16:24:48.929398
328,2019101401003085,API,26,6,100,111,11100.00,2019-10-14 16:24:48.929398
329,2019101401003086,BOKL,49,41,181,233,42173.00,2019-10-14 16:24:48.929398
330,2019101401003087,NABIL,19,19,200,760,152000.00,2019-10-14 16:24:48.929398
331,2019101401003088,RHPC,3,20,10,79,790.00,2019-10-14 16:24:48.929398
332,2019101401003089,NLG,26,32,100,533,53300.00,2019-10-14 16:24:48.929398
333,2019101401003090,NLG,6,32,160,533,85280.00,2019-10-14 16:24:48.929398
334,2019101401003091,NLG,14,32,10,533,5330.00,2019-10-14 16:24:48.929398
335,2019101401003092,MNBBL,45,57,32,303,9696.00,2019-10-14 16:24:48.929398
336,2019101401003093,MNBBL,55,57,68,303,20604.00,2019-10-14 16:24:48.929398
337,2019101401003094,LICN,45,49,10,981,9810.00,2019-10-14 16:24:48.929398
338,2019101401003095,LICN,14,49,13,980,12740.00,2019-10-14 16:24:48.929398
339,2019101401003096,LICN,57,49,100,980,98000.00,2019-10-14 16:24:48.929398
340,2019101401003097,LBL,48,42,46,214,9844.00,2019-10-14 16:24:48.929398
341,2019101401003098,SJCL,1,42,20,168,3360.00,2019-10-14 16:24:48.929398
342,2019101401003099,SJCL,1,44,20,168,3360.00,2019-10-14 16:24:48.929398
343,2019101401003100,SJCL,1,44,20,168,3360.00,2019-10-14 16:24:48.929398
344,2019101401003101,SJCL,1,44,20,168,3360.00,2019-10-14 16:24:48.929398
345,2019101401003102,SJCL,1,44,20,168,3360.00,2019-10-14 16:24:48.929398
346,2019101401003103,SJCL,1,58,100,168,16800.00,2019-10-14 16:24:48.929398
347,2019101401003018,RHPL,39,44,30,158,4740.00,2019-10-14 16:24:48.929398
348,2019101401003019,SHIVM,49,33,40,504,20160.00,2019-10-14 16:24:48.929398
349,2019101401003020,SHIVM,57,33,300,504,151200.00,2019-10-14 16:24:48.929398
350,2019101401003021,SHIVM,54,33,140,504,70560.00,2019-10-14 16:24:48.929398
351,2019101401003022,SHIVM,11,33,20,504,10080.00,2019-10-14 16:24:48.929398
352,2019101401003023,AKBSL,1,20,10,406,4060.00,2019-10-14 16:24:48.929398
353,2019101401003024,PIC,59,40,11,364,4004.00,2019-10-14 16:24:48.929398
354,2019101401003025,GLBSL,32,10,100,427,42700.00,2019-10-14 16:24:48.929398
355,2019101401003026,ADBL,43,58,100,410,41000.00,2019-10-14 16:24:48.929398
356,2019101401003027,UPPER,41,40,10,234,2340.00,2019-10-14 16:24:48.929398
357,2019101401003028,UPPER,56,40,30,234,7020.00,2019-10-14 16:24:48.929398
358,2019101401003029,ALICL,44,10,21,317,6657.00,2019-10-14 16:24:48.929398
359,2019101401003030,ALICL,56,10,200,313,62600.00,2019-10-14 16:24:48.929398
360,2019101401003031,ALICL,39,10,100,312,31200.00,2019-10-14 16:24:48.929398
361,2019101401003032,ALICL,41,10,100,312,31200.00,2019-10-14 16:24:48.929398
362,2019101401003033,ALICL,28,10,1000,312,312000.00,2019-10-14 16:24:48.929398
363,2019101401003034,ALICL,14,10,250,311,77750.00,2019-10-14 16:24:48.929398
364,2019101401003035,ALICL,55,10,200,311,62200.00,2019-10-14 16:24:48.929398
365,2019101401003036,MNBBL,8,28,100,303,30300.00,2019-10-14 16:24:48.929398
366,2019101401003037,MNBBL,45,28,68,303,20604.00,2019-10-14 16:24:48.929398
367,2019101401003038,MBL,33,1,1891,221,417911.00,2019-10-14 16:24:48.929398
368,2019101401003039,FMDBL,19,19,106,318,33708.00,2019-10-14 16:24:48.929398
369,2019101401003040,NICA,59,41,20,381,7620.00,2019-10-14 16:24:48.929398
370,2019101401003041,EIC,8,57,10,235,2350.00,2019-10-14 16:24:48.929398
371,2019101401003042,RHPL,39,44,30,158,4740.00,2019-10-14 16:24:48.929398
372,2019101401003043,NMFBS,49,6,15,1710,25650.00,2019-10-14 16:24:48.929398
373,2019101401003044,NMFBS,49,29,95,1711,162545.00,2019-10-14 16:24:48.929398
374,2019101401003045,NMFBS,49,14,30,1712,51360.00,2019-10-14 16:24:48.929398
375,2019101401003046,GFCL,28,11,760,134,101840.00,2019-10-14 16:24:48.929398
376,2019101401003047,PCBL,21,19,70,264,18480.00,2019-10-14 16:24:48.929398
377,2019101401003048,PCBL,21,58,32,264,8448.00,2019-10-14 16:24:48.929398
378,2019101401003049,PCBL,19,58,12,263,3156.00,2019-10-14 16:24:48.929398
379,2019101401003050,PCBL,32,58,500,263,131500.00,2019-10-14 16:24:48.929398
380,2019101401003051,PCBL,34,58,956,263,251428.00,2019-10-14 16:24:48.929398
381,2019101401003052,NABIL,57,19,25,760,19000.00,2019-10-14 16:24:48.929398
382,2019101401003053,BPCL,55,26,280,359,100520.00,2019-10-14 16:24:48.929398
383,2019101401003054,BPCL,55,21,20,359,7180.00,2019-10-14 16:24:48.929398
384,2019101401003055,NBL,21,43,700,313,219100.00,2019-10-14 16:24:48.929398
385,2019101401003056,GBLBS,6,40,10,312,3120.00,2019-10-14 16:24:48.929398
386,2019101401003057,RHPL,39,58,250,158,39500.00,2019-10-14 16:24:48.929398
387,2019101401002998,SHL,10,21,422,207,87354.00,2019-10-14 16:24:48.929398
388,2019101401002999,SMB,21,40,10,417,4170.00,2019-10-14 16:24:48.929398
389,2019101401003000,SBL,49,44,1290,336,433440.00,2019-10-14 16:24:48.929398
390,2019101401003001,EBL,11,48,20,560,11200.00,2019-10-14 16:24:48.929398
391,2019101401003002,SBI,28,32,50,400,20000.00,2019-10-14 16:24:48.929398
392,2019101401003003,SABSL,32,20,10,447,4470.00,2019-10-14 16:24:48.929398
393,2019101401003004,RHPL,39,44,30,158,4740.00,2019-10-14 16:24:48.929398
394,2019101401003005,UPPER,32,40,40,234,9360.00,2019-10-14 16:24:48.929398
395,2019101401003006,NHPC,8,43,20,53,1060.00,2019-10-14 16:24:48.929398
396,2019101401003007,NLICL,59,59,350,461,161350.00,2019-10-14 16:24:48.929398
397,2019101401003008,UPPER,32,46,197,234,46098.00,2019-10-14 16:24:48.929398
398,2019101401003009,GMFBS,58,10,30,455,13650.00,2019-10-14 16:24:48.929398
399,2019101401003010,GMFBS,42,10,200,454,90800.00,2019-10-14 16:24:48.929398
400,2019101401003011,EIC,28,42,249,234,58266.00,2019-10-14 16:24:48.929398
401,2019101401003012,PIC,59,56,300,364,109200.00,2019-10-14 16:24:48.929398
402,2019101401003013,ADBL,45,58,60,410,24600.00,2019-10-14 16:24:48.929398
403,2019101401003014,PRVU,44,4,400,267,106800.00,2019-10-14 16:24:48.929398
404,2019101401003015,NLG,25,32,10,543,5430.00,2019-10-14 16:24:48.929398
405,2019101401003016,NIB,50,45,50,438,21900.00,2019-10-14 16:24:48.929398
406,2019101401003017,NIB,19,45,2,438,876.00,2019-10-14 16:24:48.929398
407,2019101401002967,SBL,41,44,100,336,33600.00,2019-10-14 16:24:48.929398
408,2019101401002968,EIC,28,49,251,234,58734.00,2019-10-14 16:24:48.929398
409,2019101401002969,BOKL,17,57,25,234,5850.00,2019-10-14 16:24:48.929398
410,2019101401002970,BOKL,49,57,25,233,5825.00,2019-10-14 16:24:48.929398
411,2019101401002971,UFL,40,28,380,180,68400.00,2019-10-14 16:24:48.929398
412,2019101401002972,UFL,22,28,50,180,9000.00,2019-10-14 16:24:48.929398
413,2019101401002973,UFL,40,28,110,180,19800.00,2019-10-14 16:24:48.929398
414,2019101401002974,UFL,52,28,1000,180,180000.00,2019-10-14 16:24:48.929398
415,2019101401002975,PRVU,59,4,100,267,26700.00,2019-10-14 16:24:48.929398
416,2019101401002976,NLG,43,10,100,533,53300.00,2019-10-14 16:24:48.929398
417,2019101401002977,NLG,6,10,100,533,53300.00,2019-10-14 16:24:48.929398
418,2019101401002978,CCBL,50,6,343,153,52479.00,2019-10-14 16:24:48.929398
419,2019101401002979,PRVU,52,29,1000,266,266000.00,2019-10-14 16:24:48.929398
420,2019101401002980,PPCL,57,20,10,92,920.00,2019-10-14 16:24:48.929398
421,2019101401002981,PRVU,52,58,645,266,171570.00,2019-10-14 16:24:48.929398
422,2019101401002982,PRVU,19,58,100,266,26600.00,2019-10-14 16:24:48.929398
423,2019101401002983,PRVU,34,58,150,266,39900.00,2019-10-14 16:24:48.929398
424,2019101401002984,PRVU,21,58,500,266,133000.00,2019-10-14 16:24:48.929398
425,2019101401002985,PRVU,56,58,150,266,39900.00,2019-10-14 16:24:48.929398
426,2019101401002986,PRVU,42,58,55,266,14630.00,2019-10-14 16:24:48.929398
427,2019101401002987,SRBL,55,52,380,237,90060.00,2019-10-14 16:24:48.929398
428,2019101401002988,NLG,13,10,100,533,53300.00,2019-10-14 16:24:48.929398
429,2019101401002989,RHPL,39,44,30,158,4740.00,2019-10-14 16:24:48.929398
430,2019101401002990,SMFDB,7,55,30,500,15000.00,2019-10-14 16:24:48.929398
431,2019101401002991,SMFDB,45,55,30,500,15000.00,2019-10-14 16:24:48.929398
432,2019101401002992,SMFDB,50,55,40,500,20000.00,2019-10-14 16:24:48.929398
433,2019101401002993,UPPER,32,20,13,234,3042.00,2019-10-14 16:24:48.929398
434,2019101401002994,NLG,35,10,34,533,18122.00,2019-10-14 16:24:48.929398
435,2019101401002995,SRBL,55,42,500,237,118500.00,2019-10-14 16:24:48.929398
436,2019101401002996,PIC,59,40,11,364,4004.00,2019-10-14 16:24:48.929398
437,2019101401002997,JFL,45,32,300,195,58500.00,2019-10-14 16:24:48.929398
438,2019101401002922,PPCL,18,20,10,93,930.00,2019-10-14 16:24:48.929398
439,2019101401002923,BPCL,14,29,22,358,7876.00,2019-10-14 16:24:48.929398
440,2019101401002924,SHIVM,14,58,100,505,50500.00,2019-10-14 16:24:48.929398
441,2019101401002925,CCBL,58,6,340,153,52020.00,2019-10-14 16:24:48.929398
442,2019101401002926,SBL,26,44,10,336,3360.00,2019-10-14 16:24:48.929398
443,2019101401002927,NABIL,28,19,100,760,76000.00,2019-10-14 16:24:48.929398
444,2019101401002928,SBL,44,54,663,335,222105.00,2019-10-14 16:24:48.929398
445,2019101401002929,SBL,26,54,504,335,168840.00,2019-10-14 16:24:48.929398
446,2019101401002930,RHPL,54,44,30,158,4740.00,2019-10-14 16:24:48.929398
447,2019101401002931,SKBBL,42,34,85,918,78030.00,2019-10-14 16:24:48.929398
448,2019101401002932,SKBBL,42,51,300,919,275700.00,2019-10-14 16:24:48.929398
449,2019101401002933,MLBL,38,41,25,215,5375.00,2019-10-14 16:24:48.929398
450,2019101401002934,SBL,28,44,100,336,33600.00,2019-10-14 16:24:48.929398
451,2019101401002935,SHPC,16,47,20,187,3740.00,2019-10-14 16:24:48.929398
452,2019101401002936,SHPC,45,47,50,187,9350.00,2019-10-14 16:24:48.929398
453,2019101401002937,SHPC,47,47,20,187,3740.00,2019-10-14 16:24:48.929398
454,2019101401002938,SHPC,39,47,30,187,5610.00,2019-10-14 16:24:48.929398
455,2019101401002939,SHPC,42,47,130,187,24310.00,2019-10-14 16:24:48.929398
456,2019101401002940,MBL,36,1,109,221,24089.00,2019-10-14 16:24:48.929398
457,2019101401002941,NIB,42,55,928,437,405536.00,2019-10-14 16:24:48.929398
458,2019101401002942,NIB,39,55,100,437,43700.00,2019-10-14 16:24:48.929398
459,2019101401002943,OHL,21,21,6,469,2814.00,2019-10-14 16:24:48.929398
460,2019101401002944,PPCL,18,20,10,93,930.00,2019-10-14 16:24:48.929398
461,2019101401002945,NLIC,21,42,22,761,16742.00,2019-10-14 16:24:48.929398
462,2019101401002946,NLIC,21,41,25,761,19025.00,2019-10-14 16:24:48.929398
463,2019101401002947,GUFL,42,18,500,109,54500.00,2019-10-14 16:24:48.929398
464,2019101401002948,GUFL,3,18,150,109,16350.00,2019-10-14 16:24:48.929398
465,2019101401002949,ADBL,41,58,150,410,61500.00,2019-10-14 16:24:48.929398
466,2019101401002950,NHPC,8,43,20,53,1060.00,2019-10-14 16:24:48.929398
467,2019101401002951,BPCL,14,21,27,358,9666.00,2019-10-14 16:24:48.929398
468,2019101401002952,NTC,59,46,10,629,6290.00,2019-10-14 16:24:48.929398
469,2019101401002953,NBL,21,47,700,313,219100.00,2019-10-14 16:24:48.929398
470,2019101401002954,PRVU,52,36,216,266,57456.00,2019-10-14 16:24:48.929398
471,2019101401002955,GFCL,28,11,1000,134,134000.00,2019-10-14 16:24:48.929398
472,2019101401002956,MNBBL,45,28,100,304,30400.00,2019-10-14 16:24:48.929398
473,2019101401002957,NCCB,8,55,10,198,1980.00,2019-10-14 16:24:48.929398
474,2019101401002958,DBBL,38,4,100,128,12800.00,2019-10-14 16:24:48.929398
475,2019101401002959,PPCL,57,20,10,92,920.00,2019-10-14 16:24:48.929398
476,2019101401002960,SRBL,34,52,50,237,11850.00,2019-10-14 16:24:48.929398
477,2019101401002961,CCBL,45,54,824,152,125248.00,2019-10-14 16:24:48.929398
478,2019101401002962,CCBL,51,6,200,153,30600.00,2019-10-14 16:24:48.929398
479,2019101401002963,RHPL,54,44,20,158,3160.00,2019-10-14 16:24:48.929398
480,2019101401002964,RHPL,39,44,10,158,1580.00,2019-10-14 16:24:48.929398
481,2019101401002965,AKBSL,55,21,10,405,4050.00,2019-10-14 16:24:48.929398
482,2019101401002966,PPCL,57,20,10,92,920.00,2019-10-14 16:24:48.929398
483,2019101401002884,EBL,14,29,88,558,49104.00,2019-10-14 16:24:48.929398
484,2019101401002885,EBL,39,29,100,558,55800.00,2019-10-14 16:24:48.929398
485,2019101401002886,SCB,45,14,18,565,10170.00,2019-10-14 16:24:48.929398
486,2019101401002887,PIC,59,1,16,365,5840.00,2019-10-14 16:24:48.929398
487,2019101401002888,PIC,59,1,84,364,30576.00,2019-10-14 16:24:48.929398
488,2019101401002889,SBL,44,39,2000,335,670000.00,2019-10-14 16:24:48.929398
489,2019101401002890,ALBSL,52,40,10,387,3870.00,2019-10-14 16:24:48.929398
490,2019101401002891,PLIC,7,57,50,320,16000.00,2019-10-14 16:24:48.929398
491,2019101401002892,PLIC,57,57,96,320,30720.00,2019-10-14 16:24:48.929398
492,2019101401002893,NABIL,26,38,10,758,7580.00,2019-10-14 16:24:48.929398
493,2019101401002894,GBLBS,25,40,10,310,3100.00,2019-10-14 16:24:48.929398
494,2019101401002895,NABIL,38,38,40,758,30320.00,2019-10-14 16:24:48.929398
495,2019101401002896,NABIL,38,19,160,760,121600.00,2019-10-14 16:24:48.929398
496,2019101401002897,RHPL,54,44,30,158,4740.00,2019-10-14 16:24:48.929398
497,2019101401002898,NTC,39,42,160,625,100000.00,2019-10-14 16:24:48.929398
498,2019101401002899,NTC,22,42,100,625,62500.00,2019-10-14 16:24:48.929398
499,2019101401002900,NTC,28,42,200,624,124800.00,2019-10-14 16:24:48.929398
500,2019101401002901,NTC,59,42,240,623,149520.00,2019-10-14 16:24:48.929398
501,2019101401002902,LBL,29,54,187,213,39831.00,2019-10-14 16:24:48.929398
502,2019101401002903,LBL,57,54,30,212,6360.00,2019-10-14 16:24:48.929398
503,2019101401002904,LBL,35,54,40,212,8480.00,2019-10-14 16:24:48.929398
504,2019101401002905,LBL,29,54,112,212,23744.00,2019-10-14 16:24:48.929398
505,2019101401002906,SANIMA,26,51,10,306,3060.00,2019-10-14 16:24:48.929398
506,2019101401002907,PRVU,32,33,264,266,70224.00,2019-10-14 16:24:48.929398
507,2019101401002908,PRVU,41,33,500,266,133000.00,2019-10-14 16:24:48.929398
508,2019101401002909,PRVU,17,33,147,266,39102.00,2019-10-14 16:24:48.929398
509,2019101401002910,PRVU,1,33,100,266,26600.00,2019-10-14 16:24:48.929398
510,2019101401002911,PRVU,52,33,989,266,263074.00,2019-10-14 16:24:48.929398
511,2019101401002912,UPPER,32,40,50,234,11700.00,2019-10-14 16:24:48.929398
512,2019101401002913,RHPL,54,44,30,158,4740.00,2019-10-14 16:24:48.929398
513,2019101401002914,BPCL,59,26,20,359,7180.00,2019-10-14 16:24:48.929398
514,2019101401002915,EBL,28,33,20,559,11180.00,2019-10-14 16:24:48.929398
515,2019101401002916,EBL,28,48,180,560,100800.00,2019-10-14 16:24:48.929398
516,2019101401002917,PRVU,52,38,11,266,2926.00,2019-10-14 16:24:48.929398
517,2019101401002918,PRVU,45,38,50,266,13300.00,2019-10-14 16:24:48.929398
518,2019101401002919,PRVU,52,38,139,266,36974.00,2019-10-14 16:24:48.929398
519,2019101401002920,PRVU,26,4,10,267,2670.00,2019-10-14 16:24:48.929398
520,2019101401002921,ADBL,6,58,200,410,82000.00,2019-10-14 16:24:48.929398
521,2019101401002856,NADEP,28,45,250,399,99750.00,2019-10-14 16:24:48.929398
522,2019101401002857,NADEP,57,58,400,400,160000.00,2019-10-14 16:24:48.929398
523,2019101401002858,CHCL,13,21,85,421,35785.00,2019-10-14 16:24:48.929398
524,2019101401002859,GMFBS,14,33,10,457,4570.00,2019-10-14 16:24:48.929398
525,2019101401002860,GMFBS,32,33,100,456,45600.00,2019-10-14 16:24:48.929398
526,2019101401002861,CCBL,45,6,40,153,6120.00,2019-10-14 16:24:48.929398
527,2019101401002862,CCBL,42,6,80,153,12240.00,2019-10-14 16:24:48.929398
528,2019101401002863,PRIN,45,39,200,304,60800.00,2019-10-14 16:24:48.929398
529,2019101401002864,PRIN,45,39,290,304,88160.00,2019-10-14 16:24:48.929398
530,2019101401002865,PRIN,45,39,44,304,13376.00,2019-10-14 16:24:48.929398
531,2019101401002866,SCB,10,14,100,565,56500.00,2019-10-14 16:24:48.929398
532,2019101401002867,SCB,29,14,176,565,99440.00,2019-10-14 16:24:48.929398
533,2019101401002868,SCB,13,14,50,565,28250.00,2019-10-14 16:24:48.929398
534,2019101401002869,SCB,6,14,25,565,14125.00,2019-10-14 16:24:48.929398
535,2019101401002870,SCB,45,14,39,565,22035.00,2019-10-14 16:24:48.929398
536,2019101401002871,SRBL,21,21,6,233,1398.00,2019-10-14 16:24:48.929398
537,2019101401002872,OHL,41,4,10,480,4800.00,2019-10-14 16:24:48.929398
538,2019101401002873,OHL,28,4,720,478,344160.00,2019-10-14 16:24:48.929398
539,2019101401002874,GBLBS,25,6,30,310,9300.00,2019-10-14 16:24:48.929398
540,2019101401002875,SADBL,28,56,310,140,43400.00,2019-10-14 16:24:48.929398
541,2019101401002876,MNBBL,33,28,232,304,70528.00,2019-10-14 16:24:48.929398
542,2019101401002877,MNBBL,42,28,300,304,91200.00,2019-10-14 16:24:48.929398
543,2019101401002878,MNBBL,14,28,200,304,60800.00,2019-10-14 16:24:48.929398
544,2019101401002879,SBL,44,44,425,336,142800.00,2019-10-14 16:24:48.929398
545,2019101401002880,SBL,44,48,1000,336,336000.00,2019-10-14 16:24:48.929398
546,2019101401002881,NICL,25,37,10,272,2720.00,2019-10-14 16:24:48.929398
547,2019101401002882,AKPL,36,57,30,134,4020.00,2019-10-14 16:24:48.929398
548,2019101401002883,RRHP,47,1,10,102,1020.00,2019-10-14 16:24:48.929398
549,2019101401002823,PPCL,18,20,10,93,930.00,2019-10-14 16:24:48.929398
550,2019101401002824,SMATA,54,21,10,535,5350.00,2019-10-14 16:24:48.929398
551,2019101401002825,JBBL,17,4,340,160,54400.00,2019-10-14 16:24:48.929398
552,2019101401002826,NCCB,19,46,30,196,5880.00,2019-10-14 16:24:48.929398
553,2019101401002827,NLG,7,32,32,544,17408.00,2019-10-14 16:24:48.929398
554,2019101401002828,NLG,33,32,60,543,32580.00,2019-10-14 16:24:48.929398
555,2019101401002829,NLG,3,32,10,543,5430.00,2019-10-14 16:24:48.929398
556,2019101401002830,SBL,21,44,500,336,168000.00,2019-10-14 16:24:48.929398
557,2019101401002831,SHL,45,34,300,208,62400.00,2019-10-14 16:24:48.929398
558,2019101401002832,SHL,57,34,300,207,62100.00,2019-10-14 16:24:48.929398
559,2019101401002833,SHL,58,34,500,207,103500.00,2019-10-14 16:24:48.929398
560,2019101401002834,SHL,26,34,100,207,20700.00,2019-10-14 16:24:48.929398
561,2019101401002835,SHL,58,34,100,207,20700.00,2019-10-14 16:24:48.929398
562,2019101401002836,SHL,39,34,100,207,20700.00,2019-10-14 16:24:48.929398
563,2019101401002837,SHL,43,34,100,206,20600.00,2019-10-14 16:24:48.929398
564,2019101401002838,SHL,8,34,100,206,20600.00,2019-10-14 16:24:48.929398
565,2019101401002839,SHL,52,34,300,206,61800.00,2019-10-14 16:24:48.929398
566,2019101401002840,SHL,13,34,100,206,20600.00,2019-10-14 16:24:48.929398
567,2019101401002841,VLBS,45,43,70,549,38430.00,2019-10-14 16:24:48.929398
568,2019101401002842,VLBS,45,51,100,550,55000.00,2019-10-14 16:24:48.929398
569,2019101401002843,NICL,35,32,110,270,29700.00,2019-10-14 16:24:48.929398
570,2019101401002844,EBL,41,33,80,559,44720.00,2019-10-14 16:24:48.929398
571,2019101401002845,MSLB,45,48,15,922,13830.00,2019-10-14 16:24:48.929398
572,2019101401002846,MSLB,7,48,23,918,21114.00,2019-10-14 16:24:48.929398
573,2019101401002847,MSLB,39,48,20,917,18340.00,2019-10-14 16:24:48.929398
574,2019101401002848,CZBIL,38,49,1000,196,196000.00,2019-10-14 16:24:48.929398
575,2019101401002849,CIT,14,14,24,1775,42600.00,2019-10-14 16:24:48.929398
576,2019101401002850,SAPDBL,17,16,192,127,24384.00,2019-10-14 16:24:48.929398
577,2019101401002851,SAPDBL,17,16,208,127,26416.00,2019-10-14 16:24:48.929398
578,2019101401002852,NCCB,32,46,255,196,49980.00,2019-10-14 16:24:48.929398
579,2019101401002853,PRVU,8,4,200,267,53400.00,2019-10-14 16:24:48.929398
580,2019101401002854,MHNL,52,59,45,80,3600.00,2019-10-14 16:24:48.929398
581,2019101401002855,MHNL,40,59,180,79,14220.00,2019-10-14 16:24:48.929398
582,2019101401002804,SBL,45,44,100,336,33600.00,2019-10-14 16:24:48.929398
583,2019101401002805,PPCL,18,20,10,93,930.00,2019-10-14 16:24:48.929398
584,2019101401002806,SHPC,56,46,70,190,13300.00,2019-10-14 16:24:48.929398
585,2019101401002807,CHCL,13,36,70,421,29470.00,2019-10-14 16:24:48.929398
586,2019101401002808,JBBL,17,4,750,160,120000.00,2019-10-14 16:24:48.929398
587,2019101401002809,EBL,17,48,100,560,56000.00,2019-10-14 16:24:48.929398
588,2019101401002810,SHIVM,48,4,50,506,25300.00,2019-10-14 16:24:48.929398
589,2019101401002811,NLBBL,52,19,59,505,29795.00,2019-10-14 16:24:48.929398
590,2019101401002812,PPCL,18,20,10,93,930.00,2019-10-14 16:24:48.929398
591,2019101401002813,NLIC,57,53,220,760,167200.00,2019-10-14 16:24:48.929398
592,2019101401002814,EIC,25,41,100,231,23100.00,2019-10-14 16:24:48.929398
593,2019101401002815,JBBL,17,4,250,160,40000.00,2019-10-14 16:24:48.929398
594,2019101401002816,AHPC,18,26,85,97,8245.00,2019-10-14 16:24:48.929398
595,2019101401002817,NABIL,45,22,20,758,15160.00,2019-10-14 16:24:48.929398
596,2019101401002818,PPCL,18,20,10,93,930.00,2019-10-14 16:24:48.929398
597,2019101401002819,SCB,17,14,200,566,113200.00,2019-10-14 16:24:48.929398
598,2019101401002820,SCB,42,45,75,570,42750.00,2019-10-14 16:24:48.929398
599,2019101401002821,SCB,42,19,25,570,14250.00,2019-10-14 16:24:48.929398
600,2019101401002822,EBL,41,22,20,559,11180.00,2019-10-14 16:24:48.929398
601,2019101401002783,AKBSL,59,57,10,407,4070.00,2019-10-14 16:24:48.929398
602,2019101401002784,CZBIL,32,42,10,195,1950.00,2019-10-14 16:24:48.929398
603,2019101401002785,NABIL,45,14,79,760,60040.00,2019-10-14 16:24:48.929398
604,2019101401002786,NABIL,32,14,46,760,34960.00,2019-10-14 16:24:48.929398
605,2019101401002787,NABIL,6,14,231,758,175098.00,2019-10-14 16:24:48.929398
606,2019101401002788,PPCL,18,20,10,93,930.00,2019-10-14 16:24:48.929398
607,2019101401002789,NTC,59,46,10,629,6290.00,2019-10-14 16:24:48.929398
608,2019101401002790,RHPL,54,57,30,158,4740.00,2019-10-14 16:24:48.929398
609,2019101401002791,EIC,33,49,500,232,116000.00,2019-10-14 16:24:48.929398
610,2019101401002792,MBL,33,45,287,221,63427.00,2019-10-14 16:24:48.929398
611,2019101401002793,PPCL,18,20,10,93,930.00,2019-10-14 16:24:48.929398
612,2019101401002794,NABIL,36,14,25,757,18925.00,2019-10-14 16:24:48.929398
613,2019101401002795,PRVU,45,4,14,266,3724.00,2019-10-14 16:24:48.929398
614,2019101401002796,PRVU,29,4,50,266,13300.00,2019-10-14 16:24:48.929398
615,2019101401002797,PRVU,32,4,236,266,62776.00,2019-10-14 16:24:48.929398
616,2019101401002798,MEGA,28,36,592,196,116032.00,2019-10-14 16:24:48.929398
617,2019101401002799,UPPER,40,22,43,235,10105.00,2019-10-14 16:24:48.929398
618,2019101401002800,UPPER,22,22,386,235,90710.00,2019-10-14 16:24:48.929398
619,2019101401002801,SJCL,52,57,20,167,3340.00,2019-10-14 16:24:48.929398
620,2019101401002802,ADBL,48,58,50,410,20500.00,2019-10-14 16:24:48.929398
621,2019101401002803,BPCL,14,42,150,358,53700.00,2019-10-14 16:24:48.929398
622,2019101401002760,NHPC,6,43,150,53,7950.00,2019-10-14 16:24:48.929398
623,2019101401002761,RHPL,54,57,30,158,4740.00,2019-10-14 16:24:48.929398
624,2019101401002762,NTC,39,7,398,625,248750.00,2019-10-14 16:24:48.929398
625,2019101401002763,SCB,26,45,50,570,28500.00,2019-10-14 16:24:48.929398
626,2019101401002764,SCB,39,45,25,570,14250.00,2019-10-14 16:24:48.929398
627,2019101401002765,SCB,58,45,50,570,28500.00,2019-10-14 16:24:48.929398
628,2019101401002766,ADBL,34,38,101,409,41309.00,2019-10-14 16:24:48.929398
629,2019101401002767,ADBL,58,38,49,409,20041.00,2019-10-14 16:24:48.929398
630,2019101401002768,NIB,57,45,148,438,64824.00,2019-10-14 16:24:48.929398
631,2019101401002769,CZBIL,25,1,50,195,9750.00,2019-10-14 16:24:48.929398
632,2019101401002770,CZBIL,32,1,50,195,9750.00,2019-10-14 16:24:48.929398
633,2019101401002771,NCCB,52,46,200,196,39200.00,2019-10-14 16:24:48.929398
634,2019101401002772,PPCL,18,20,10,93,930.00,2019-10-14 16:24:48.929398
635,2019101401002773,NLIC,57,58,50,760,38000.00,2019-10-14 16:24:48.929398
636,2019101401002774,NHPC,54,14,580,52,30160.00,2019-10-14 16:24:48.929398
637,2019101401002775,NHPC,41,14,100,52,5200.00,2019-10-14 16:24:48.929398
638,2019101401002776,NHPC,17,14,500,52,26000.00,2019-10-14 16:24:48.929398
639,2019101401002777,NHPC,58,14,500,52,26000.00,2019-10-14 16:24:48.929398
640,2019101401002778,NHPC,20,14,1000,52,52000.00,2019-10-14 16:24:48.929398
641,2019101401002779,LBBL,45,45,500,175,87500.00,2019-10-14 16:24:48.929398
642,2019101401002780,MDB,28,19,1000,242,242000.00,2019-10-14 16:24:48.929398
643,2019101401002781,CZBIL,32,46,45,195,8775.00,2019-10-14 16:24:48.929398
644,2019101401002782,MBL,33,44,100,220,22000.00,2019-10-14 16:24:48.929398
645,2019101401002739,CCBL,41,4,40,153,6120.00,2019-10-14 16:24:48.929398
646,2019101401002740,CCBL,45,4,960,153,146880.00,2019-10-14 16:24:48.929398
647,2019101401002741,SCB,19,25,40,571,22840.00,2019-10-14 16:24:48.929398
648,2019101401002742,ADBL,51,58,500,410,205000.00,2019-10-14 16:24:48.929398
649,2019101401002743,NLIC,41,45,50,761,38050.00,2019-10-14 16:24:48.929398
650,2019101401002744,NLIC,57,45,150,760,114000.00,2019-10-14 16:24:48.929398
651,2019101401002745,SBL,44,14,1500,335,502500.00,2019-10-14 16:24:48.929398
652,2019101401002746,PPCL,18,20,30,93,2790.00,2019-10-14 16:24:48.929398
653,2019101401002747,ADBL,53,58,500,410,205000.00,2019-10-14 16:24:48.929398
654,2019101401002748,NBB,56,53,500,210,105000.00,2019-10-14 16:24:48.929398
655,2019101401002749,ADBL,28,58,1000,410,410000.00,2019-10-14 16:24:48.929398
656,2019101401002750,NLICL,44,39,1000,461,461000.00,2019-10-14 16:24:48.929398
657,2019101401002751,SJCL,52,57,20,167,3340.00,2019-10-14 16:24:48.929398
658,2019101401002752,SADBL,1,56,200,140,28000.00,2019-10-14 16:24:48.929398
659,2019101401002753,SADBL,28,56,133,140,18620.00,2019-10-14 16:24:48.929398
660,2019101401002754,MLBL,57,41,50,215,10750.00,2019-10-14 16:24:48.929398
661,2019101401002755,API,25,45,50,112,5600.00,2019-10-14 16:24:48.929398
662,2019101401002756,MBL,28,45,630,221,139230.00,2019-10-14 16:24:48.929398
663,2019101401002757,ADBL,49,58,780,410,319800.00,2019-10-14 16:24:48.929398
664,2019101401002758,EBL,37,48,50,560,28000.00,2019-10-14 16:24:48.929398
665,2019101401002759,OHL,28,4,30,485,14550.00,2019-10-14 16:24:48.929398
666,2019101401002722,SBI,57,21,94,398,37412.00,2019-10-14 16:24:48.929398
667,2019101401002723,ILBS,32,20,10,418,4180.00,2019-10-14 16:24:48.929398
668,2019101401002724,AHPC,3,26,15,96,1440.00,2019-10-14 16:24:48.929398
669,2019101401002725,CBL,41,42,382,142,54244.00,2019-10-14 16:24:48.929398
670,2019101401002726,NIB,57,41,52,438,22776.00,2019-10-14 16:24:48.929398
671,2019101401002727,ILBS,32,20,10,418,4180.00,2019-10-14 16:24:48.929398
672,2019101401002728,ILBS,32,21,10,418,4180.00,2019-10-14 16:24:48.929398
673,2019101401002729,BPCL,41,42,50,358,17900.00,2019-10-14 16:24:48.929398
674,2019101401002730,RHPL,54,45,50,158,7900.00,2019-10-14 16:24:48.929398
675,2019101401002731,NICL,25,25,15,270,4050.00,2019-10-14 16:24:48.929398
676,2019101401002732,ILBS,39,20,10,418,4180.00,2019-10-14 16:24:48.929398
677,2019101401002733,API,21,6,1000,111,111000.00,2019-10-14 16:24:48.929398
678,2019101401002734,UPPER,22,21,50,235,11750.00,2019-10-14 16:24:48.929398
679,2019101401002735,EBL,28,48,30,560,16800.00,2019-10-14 16:24:48.929398
680,2019101401002736,NLIC,56,52,315,762,240030.00,2019-10-14 16:24:48.929398
681,2019101401002737,SBI,37,32,50,400,20000.00,2019-10-14 16:24:48.929398
682,2019101401002738,ILBS,51,20,10,417,4170.00,2019-10-14 16:24:48.929398
683,2019101401002702,NBB,56,21,66,209,13794.00,2019-10-14 16:24:48.929398
684,2019101401002703,EBL,41,48,10,560,5600.00,2019-10-14 16:24:48.929398
685,2019101401002704,GILB,7,58,20,701,14020.00,2019-10-14 16:24:48.929398
686,2019101401002705,NBL,21,21,50,313,15650.00,2019-10-14 16:24:48.929398
687,2019101401002706,BOKL,49,42,240,233,55920.00,2019-10-14 16:24:48.929398
688,2019101401002707,SHIVM,22,48,50,505,25250.00,2019-10-14 16:24:48.929398
689,2019101401002708,SHIVM,22,32,100,505,50500.00,2019-10-14 16:24:48.929398
690,2019101401002709,EBL,34,48,60,560,33600.00,2019-10-14 16:24:48.929398
691,2019101401002710,NCCB,1,1,70,196,13720.00,2019-10-14 16:24:48.929398
692,2019101401002711,PMHPL,54,21,10,88,880.00,2019-10-14 16:24:48.929398
693,2019101401002712,SBL,26,44,141,336,47376.00,2019-10-14 16:24:48.929398
694,2019101401002713,SBL,26,37,239,336,80304.00,2019-10-14 16:24:48.929398
695,2019101401002714,SBL,26,6,145,336,48720.00,2019-10-14 16:24:48.929398
696,2019101401002715,SBL,26,44,475,336,159600.00,2019-10-14 16:24:48.929398
697,2019101401002716,MLBL,57,4,50,215,10750.00,2019-10-14 16:24:48.929398
698,2019101401002717,MLBL,57,4,50,215,10750.00,2019-10-14 16:24:48.929398
699,2019101401002718,NICA,35,44,129,382,49278.00,2019-10-14 16:24:48.929398
700,2019101401002719,NICA,33,44,500,381,190500.00,2019-10-14 16:24:48.929398
701,2019101401002720,NICA,34,44,100,381,38100.00,2019-10-14 16:24:48.929398
702,2019101401002721,NICA,22,44,300,381,114300.00,2019-10-14 16:24:48.929398
703,2019101401002686,RHPL,54,1,50,158,7900.00,2019-10-14 16:24:48.929398
704,2019101401002687,EBL,14,21,163,558,90954.00,2019-10-14 16:24:48.929398
705,2019101401002688,AKBSL,17,20,10,407,4070.00,2019-10-14 16:24:48.929398
706,2019101401002689,SCB,19,21,10,571,5710.00,2019-10-14 16:24:48.929398
707,2019101401002690,NLIC,28,52,20,762,15240.00,2019-10-14 16:24:48.929398
708,2019101401002691,MLBL,51,59,200,215,43000.00,2019-10-14 16:24:48.929398
709,2019101401002692,AKBSL,55,20,10,407,4070.00,2019-10-14 16:24:48.929398
710,2019101401002693,MLBL,51,21,46,215,9890.00,2019-10-14 16:24:48.929398
711,2019101401002694,MLBL,4,21,38,214,8132.00,2019-10-14 16:24:48.929398
712,2019101401002695,MLBL,11,21,184,214,39376.00,2019-10-14 16:24:48.929398
713,2019101401002696,SJCL,52,1,20,167,3340.00,2019-10-14 16:24:48.929398
714,2019101401002697,GILB,58,58,50,702,35100.00,2019-10-14 16:24:48.929398
715,2019101401002698,FMDBL,51,17,30,317,9510.00,2019-10-14 16:24:48.929398
716,2019101401002699,SLBSL,55,29,10,672,6720.00,2019-10-14 16:24:48.929398
717,2019101401002700,NBL,21,46,500,313,156500.00,2019-10-14 16:24:48.929398
718,2019101401002701,SJCL,6,33,60,168,10080.00,2019-10-14 16:24:48.929398
719,2019101401002659,SANIMA,17,22,185,306,56610.00,2019-10-14 16:24:48.929398
720,2019101401002660,ILBS,32,21,10,418,4180.00,2019-10-14 16:24:48.929398
721,2019101401002661,PCBL,19,22,68,263,17884.00,2019-10-14 16:24:48.929398
722,2019101401002662,NLIC,1,4,20,761,15220.00,2019-10-14 16:24:48.929398
723,2019101401002663,MLBL,51,4,50,215,10750.00,2019-10-14 16:24:48.929398
724,2019101401002664,NIB,42,22,58,437,25346.00,2019-10-14 16:24:48.929398
725,2019101401002665,AKBSL,17,20,10,407,4070.00,2019-10-14 16:24:48.929398
726,2019101401002666,RHPL,54,1,40,158,6320.00,2019-10-14 16:24:48.929398
727,2019101401002667,MLBL,51,4,150,215,32250.00,2019-10-14 16:24:48.929398
728,2019101401002668,EBL,45,28,56,560,31360.00,2019-10-14 16:24:48.929398
729,2019101401002669,EBL,45,48,44,560,24640.00,2019-10-14 16:24:48.929398
730,2019101401002670,NBB,56,22,62,209,12958.00,2019-10-14 16:24:48.929398
731,2019101401002671,MNBBL,42,28,232,305,70760.00,2019-10-14 16:24:48.929398
732,2019101401002672,MNBBL,42,34,68,305,20740.00,2019-10-14 16:24:48.929398
733,2019101401002673,SCB,17,57,10,572,5720.00,2019-10-14 16:24:48.929398
734,2019101401002674,BPCL,14,21,33,357,11781.00,2019-10-14 16:24:48.929398
735,2019101401002675,MLBL,51,4,50,215,10750.00,2019-10-14 16:24:48.929398
736,2019101401002676,ADBL,34,22,114,409,46626.00,2019-10-14 16:24:48.929398
737,2019101401002677,AKBSL,17,20,10,407,4070.00,2019-10-14 16:24:48.929398
738,2019101401002678,RHPL,54,1,40,158,6320.00,2019-10-14 16:24:48.929398
739,2019101401002679,NHPC,54,34,110,52,5720.00,2019-10-14 16:24:48.929398
740,2019101401002680,NLBBL,57,19,100,505,50500.00,2019-10-14 16:24:48.929398
741,2019101401002681,SRBL,42,52,20,237,4740.00,2019-10-14 16:24:48.929398
742,2019101401002682,SHIVM,49,42,60,504,30240.00,2019-10-14 16:24:48.929398
743,2019101401002683,MLBL,51,4,50,215,10750.00,2019-10-14 16:24:48.929398
744,2019101401002684,AKBSL,17,20,10,407,4070.00,2019-10-14 16:24:48.929398
745,2019101401002685,SRBL,51,52,100,237,23700.00,2019-10-14 16:24:48.929398
746,2019101401002635,NIB,35,41,148,438,64824.00,2019-10-14 16:24:48.929398
747,2019101401002636,RHPL,54,1,50,158,7900.00,2019-10-14 16:24:48.929398
748,2019101401002637,AKBSL,17,20,10,407,4070.00,2019-10-14 16:24:48.929398
749,2019101401002638,PCBL,19,42,20,263,5260.00,2019-10-14 16:24:48.929398
750,2019101401002639,NUBL,49,28,200,855,171000.00,2019-10-14 16:24:48.929398
751,2019101401002640,NUBL,34,28,100,855,85500.00,2019-10-14 16:24:48.929398
752,2019101401002641,MLBL,51,4,50,215,10750.00,2019-10-14 16:24:48.929398
753,2019101401002642,NICA,6,11,200,382,76400.00,2019-10-14 16:24:48.929398
754,2019101401002643,NICA,42,11,50,382,19100.00,2019-10-14 16:24:48.929398
755,2019101401002644,NICA,35,11,1750,382,668500.00,2019-10-14 16:24:48.929398
756,2019101401002645,AKJCL,11,49,50,56,2800.00,2019-10-14 16:24:48.929398
757,2019101401002646,AKJCL,59,21,20,55,1100.00,2019-10-14 16:24:48.929398
758,2019101401002647,MLBL,51,4,50,215,10750.00,2019-10-14 16:24:48.929398
759,2019101401002648,AKPL,36,25,50,134,6700.00,2019-10-14 16:24:48.929398
760,2019101401002649,AKBSL,17,20,10,407,4070.00,2019-10-14 16:24:48.929398
761,2019101401002650,RHPL,54,1,40,158,6320.00,2019-10-14 16:24:48.929398
762,2019101401002651,LBBL,38,33,10,174,1740.00,2019-10-14 16:24:48.929398
763,2019101401002652,AKBSL,17,20,10,407,4070.00,2019-10-14 16:24:48.929398
764,2019101401002653,NICA,48,13,51,383,19533.00,2019-10-14 16:24:48.929398
765,2019101401002654,MLBL,51,4,50,215,10750.00,2019-10-14 16:24:48.929398
766,2019101401002655,RHPL,54,1,50,158,7900.00,2019-10-14 16:24:48.929398
767,2019101401002656,EBL,37,28,100,560,56000.00,2019-10-14 16:24:48.929398
768,2019101401002657,MNBBL,38,43,32,304,9728.00,2019-10-14 16:24:48.929398
769,2019101401002658,MNBBL,33,43,268,304,81472.00,2019-10-14 16:24:48.929398
770,2019101401002610,RHPL,17,1,30,158,4740.00,2019-10-14 16:24:48.929398
771,2019101401002611,RBCLPO,41,41,20,7220,144400.00,2019-10-14 16:24:48.929398
772,2019101401002612,PFL,32,17,64,133,8512.00,2019-10-14 16:24:48.929398
773,2019101401002613,PFL,20,17,79,133,10507.00,2019-10-14 16:24:48.929398
774,2019101401002614,PPCL,18,20,10,93,930.00,2019-10-14 16:24:48.929398
775,2019101401002615,RHPL,17,1,30,158,4740.00,2019-10-14 16:24:48.929398
776,2019101401002616,AKBSL,17,20,10,407,4070.00,2019-10-14 16:24:48.929398
777,2019101401002617,BOKL,49,48,200,233,46600.00,2019-10-14 16:24:48.929398
778,2019101401002618,RHPL,17,1,30,158,4740.00,2019-10-14 16:24:48.929398
779,2019101401002619,RHPL,54,1,10,158,1580.00,2019-10-14 16:24:48.929398
780,2019101401002620,SBL,36,44,50,336,16800.00,2019-10-14 16:24:48.929398
781,2019101401002621,GHL,11,33,30,63,1890.00,2019-10-14 16:24:48.929398
782,2019101401002622,SBI,34,16,45,399,17955.00,2019-10-14 16:24:48.929398
783,2019101401002623,SBI,10,16,100,399,39900.00,2019-10-14 16:24:48.929398
784,2019101401002624,SBI,35,16,30,398,11940.00,2019-10-14 16:24:48.929398
785,2019101401002625,SBI,45,16,50,398,19900.00,2019-10-14 16:24:48.929398
786,2019101401002626,SBI,1,16,200,397,79400.00,2019-10-14 16:24:48.929398
787,2019101401002627,SBI,28,16,129,397,51213.00,2019-10-14 16:24:48.929398
788,2019101401002628,ADBL,40,58,200,410,82000.00,2019-10-14 16:24:48.929398
789,2019101401002629,MLBL,51,4,150,215,32250.00,2019-10-14 16:24:48.929398
790,2019101401002630,TRH,32,33,60,276,16560.00,2019-10-14 16:24:48.929398
791,2019101401002631,TRH,35,33,91,276,25116.00,2019-10-14 16:24:48.929398
792,2019101401002632,TRH,35,33,30,276,8280.00,2019-10-14 16:24:48.929398
793,2019101401002633,TRH,55,33,100,275,27500.00,2019-10-14 16:24:48.929398
794,2019101401002634,TRH,45,33,477,275,131175.00,2019-10-14 16:24:48.929398
795,2019101401002595,SIL,32,25,10,380,3800.00,2019-10-14 16:24:48.929398
796,2019101401002596,SIL,39,25,40,380,15200.00,2019-10-14 16:24:48.929398
797,2019101401002597,MLBL,51,4,200,215,43000.00,2019-10-14 16:24:48.929398
798,2019101401002598,PPCL,18,20,10,93,930.00,2019-10-14 16:24:48.929398
799,2019101401002599,MLBL,51,4,50,215,10750.00,2019-10-14 16:24:48.929398
800,2019101401002600,NCCB,1,33,125,196,24500.00,2019-10-14 16:24:48.929398
801,2019101401002601,ILBS,32,20,10,418,4180.00,2019-10-14 16:24:48.929398
802,2019101401002602,SINDU,17,26,100,124,12400.00,2019-10-14 16:24:48.929398
803,2019101401002603,DDBL,43,11,150,717,107550.00,2019-10-14 16:24:48.929398
804,2019101401002604,DDBL,49,11,45,715,32175.00,2019-10-14 16:24:48.929398
805,2019101401002605,ADBL,14,58,300,410,123000.00,2019-10-14 16:24:48.929398
806,2019101401002606,SBL,38,44,70,336,23520.00,2019-10-14 16:24:48.929398
807,2019101401002607,RHPL,40,1,30,158,4740.00,2019-10-14 16:24:48.929398
808,2019101401002608,RHPL,17,1,10,158,1580.00,2019-10-14 16:24:48.929398
809,2019101401002609,MBL,28,33,19,221,4199.00,2019-10-14 16:24:48.929398
810,2019101401002571,SHL,22,58,300,209,62700.00,2019-10-14 16:24:48.929398
811,2019101401002572,PRVU,10,45,1000,267,267000.00,2019-10-14 16:24:48.929398
812,2019101401002573,GBBL,39,40,11,210,2310.00,2019-10-14 16:24:48.929398
813,2019101401002574,SANIMA,14,13,10,306,3060.00,2019-10-14 16:24:48.929398
814,2019101401002575,SANIMA,34,13,30,306,9180.00,2019-10-14 16:24:48.929398
815,2019101401002576,SANIMA,6,13,10,306,3060.00,2019-10-14 16:24:48.929398
816,2019101401002577,SANIMA,39,13,30,306,9180.00,2019-10-14 16:24:48.929398
817,2019101401002578,SANIMA,17,13,45,306,13770.00,2019-10-14 16:24:48.929398
818,2019101401002579,SIL,32,34,90,380,34200.00,2019-10-14 16:24:48.929398
819,2019101401002580,API,25,45,34,112,3808.00,2019-10-14 16:24:48.929398
820,2019101401002581,NIB,35,54,152,438,66576.00,2019-10-14 16:24:48.929398
821,2019101401002582,PPCL,18,20,10,93,930.00,2019-10-14 16:24:48.929398
822,2019101401002583,MLBL,51,4,500,215,107500.00,2019-10-14 16:24:48.929398
823,2019101401002584,RHPL,29,40,20,158,3160.00,2019-10-14 16:24:48.929398
824,2019101401002585,RHPL,40,40,20,158,3160.00,2019-10-14 16:24:48.929398
825,2019101401002586,MLBL,51,14,50,216,10800.00,2019-10-14 16:24:48.929398
826,2019101401002587,MLBL,51,4,50,215,10750.00,2019-10-14 16:24:48.929398
827,2019101401002588,AKBSL,17,20,10,407,4070.00,2019-10-14 16:24:48.929398
828,2019101401002589,MEGA,28,11,351,196,68796.00,2019-10-14 16:24:48.929398
829,2019101401002590,MLBL,51,4,50,215,10750.00,2019-10-14 16:24:48.929398
830,2019101401002591,PRVU,51,45,50,267,13350.00,2019-10-14 16:24:48.929398
831,2019101401002592,ADBL,6,58,100,410,41000.00,2019-10-14 16:24:48.929398
832,2019101401002593,ADBL,17,58,100,410,41000.00,2019-10-14 16:24:48.929398
833,2019101401002594,ADBL,35,58,20,410,8200.00,2019-10-14 16:24:48.929398
834,2019101401002559,LICN,26,49,30,985,29550.00,2019-10-14 16:24:48.929398
835,2019101401002560,PPCL,18,20,10,93,930.00,2019-10-14 16:24:48.929398
836,2019101401002561,GUFL,42,46,500,109,54500.00,2019-10-14 16:24:48.929398
837,2019101401002562,ILBS,32,20,10,418,4180.00,2019-10-14 16:24:48.929398
838,2019101401002563,NCCB,8,55,10,198,1980.00,2019-10-14 16:24:48.929398
839,2019101401002564,SEF,3,40,700,9.02,6314.00,2019-10-14 16:24:48.929398
840,2019101401002565,PPCL,18,20,10,93,930.00,2019-10-14 16:24:48.929398
841,2019101401002566,MLBL,51,4,50,215,10750.00,2019-10-14 16:24:48.929398
842,2019101401002567,NCCB,29,46,15,197,2955.00,2019-10-14 16:24:48.929398
843,2019101401002568,GBLBS,49,19,200,311,62200.00,2019-10-14 16:24:48.929398
844,2019101401002569,GBLBS,26,19,50,311,15550.00,2019-10-14 16:24:48.929398
845,2019101401002570,AKBSL,17,20,10,407,4070.00,2019-10-14 16:24:48.929398
846,2019101401002511,SJCL,52,34,20,167,3340.00,2019-10-14 16:24:48.929398
847,2019101401002512,SJCL,52,20,20,167,3340.00,2019-10-14 16:24:48.929398
848,2019101401002513,KPCL,21,26,10,80,800.00,2019-10-14 16:24:48.929398
849,2019101401002514,NIB,43,45,104,437,45448.00,2019-10-14 16:24:48.929398
850,2019101401002515,NIB,42,45,14,437,6118.00,2019-10-14 16:24:48.929398
851,2019101401002516,NABIL,6,58,49,763,37387.00,2019-10-14 16:24:48.929398
852,2019101401002517,NABIL,53,58,100,763,76300.00,2019-10-14 16:24:48.929398
853,2019101401002518,NABIL,28,58,40,762,30480.00,2019-10-14 16:24:48.929398
854,2019101401002519,NABIL,32,58,25,762,19050.00,2019-10-14 16:24:48.929398
855,2019101401002520,NABIL,45,58,100,762,76200.00,2019-10-14 16:24:48.929398
856,2019101401002521,NABIL,26,58,105,761,79905.00,2019-10-14 16:24:48.929398
857,2019101401002522,NABIL,25,58,500,761,380500.00,2019-10-14 16:24:48.929398
858,2019101401002523,NABIL,3,58,50,761,38050.00,2019-10-14 16:24:48.929398
859,2019101401002524,NABIL,34,58,50,760,38000.00,2019-10-14 16:24:48.929398
860,2019101401002525,NABIL,56,58,20,760,15200.00,2019-10-14 16:24:48.929398
861,2019101401002526,NABIL,56,58,15,760,11400.00,2019-10-14 16:24:48.929398
862,2019101401002527,NABIL,19,58,60,760,45600.00,2019-10-14 16:24:48.929398
863,2019101401002528,NABIL,10,58,500,760,380000.00,2019-10-14 16:24:48.929398
864,2019101401002529,NABIL,25,58,50,760,38000.00,2019-10-14 16:24:48.929398
865,2019101401002530,NABIL,41,58,100,760,76000.00,2019-10-14 16:24:48.929398
866,2019101401002531,NABIL,6,58,15,760,11400.00,2019-10-14 16:24:48.929398
867,2019101401002532,NABIL,11,58,200,760,152000.00,2019-10-14 16:24:48.929398
868,2019101401002533,NABIL,45,58,21,760,15960.00,2019-10-14 16:24:48.929398
869,2019101401002534,PPCL,18,20,10,93,930.00,2019-10-14 16:24:48.929398
870,2019101401002535,PMHPL,54,26,10,88,880.00,2019-10-14 16:24:48.929398
871,2019101401002536,PCBL,36,39,100,264,26400.00,2019-10-14 16:24:48.929398
872,2019101401002537,MEGA,28,39,57,196,11172.00,2019-10-14 16:24:48.929398
873,2019101401002538,RHPL,29,26,40,158,6320.00,2019-10-14 16:24:48.929398
874,2019101401002539,ILBS,32,20,10,418,4180.00,2019-10-14 16:24:48.929398
875,2019101401002540,PCBL,36,58,396,264,104544.00,2019-10-14 16:24:48.929398
876,2019101401002541,PCBL,32,58,500,264,132000.00,2019-10-14 16:24:48.929398
877,2019101401002542,PCBL,4,58,155,263,40765.00,2019-10-14 16:24:48.929398
878,2019101401002543,PCBL,57,58,400,263,105200.00,2019-10-14 16:24:48.929398
879,2019101401002544,PCBL,55,58,350,263,92050.00,2019-10-14 16:24:48.929398
880,2019101401002545,PCBL,42,58,200,263,52600.00,2019-10-14 16:24:48.929398
881,2019101401002546,PCBL,19,58,100,263,26300.00,2019-10-14 16:24:48.929398
882,2019101401002547,PCBL,19,58,100,263,26300.00,2019-10-14 16:24:48.929398
883,2019101401002548,PCBL,6,58,200,263,52600.00,2019-10-14 16:24:48.929398
884,2019101401002549,PCBL,57,58,1000,263,263000.00,2019-10-14 16:24:48.929398
885,2019101401002550,PCBL,17,58,100,263,26300.00,2019-10-14 16:24:48.929398
886,2019101401002551,PCBL,28,58,999,263,262737.00,2019-10-14 16:24:48.929398
887,2019101401002552,NIL,39,45,10,367,3670.00,2019-10-14 16:24:48.929398
888,2019101401002553,CZBIL,32,4,900,195,175500.00,2019-10-14 16:24:48.929398
889,2019101401002554,SJCL,52,26,20,167,3340.00,2019-10-14 16:24:48.929398
890,2019101401002555,NTC,59,7,10,630,6300.00,2019-10-14 16:24:48.929398
891,2019101401002556,SMATA,14,28,20,536,10720.00,2019-10-14 16:24:48.929398
892,2019101401002557,SMATA,58,28,100,536,53600.00,2019-10-14 16:24:48.929398
893,2019101401002558,SMATA,41,28,200,535,107000.00,2019-10-14 16:24:48.929398
894,2019101401002467,EBL,45,29,47,560,26320.00,2019-10-14 16:24:48.929398
895,2019101401002468,EBL,32,29,70,559,39130.00,2019-10-14 16:24:48.929398
896,2019101401002469,EBL,51,29,100,559,55900.00,2019-10-14 16:24:48.929398
897,2019101401002470,EBL,14,29,49,558,27342.00,2019-10-14 16:24:48.929398
898,2019101401002471,NADEP,49,58,50,401,20050.00,2019-10-14 16:24:48.929398
899,2019101401002472,NADEP,34,58,10,400,4000.00,2019-10-14 16:24:48.929398
900,2019101401002473,NTC,42,7,42,630,26460.00,2019-10-14 16:24:48.929398
901,2019101401002474,NTC,49,7,50,630,31500.00,2019-10-14 16:24:48.929398
902,2019101401002475,PMHPL,54,26,10,88,880.00,2019-10-14 16:24:48.929398
903,2019101401002476,RHPL,29,34,40,158,6320.00,2019-10-14 16:24:48.929398
904,2019101401002477,ILBS,32,20,10,418,4180.00,2019-10-14 16:24:48.929398
905,2019101401002478,SBL,45,44,50,336,16800.00,2019-10-14 16:24:48.929398
906,2019101401002479,UPPER,40,1,50,235,11750.00,2019-10-14 16:24:48.929398
907,2019101401002480,SADBL,28,39,100,142,14200.00,2019-10-14 16:24:48.929398
908,2019101401002481,SADBL,28,46,200,142,28400.00,2019-10-14 16:24:48.929398
909,2019101401002482,CZBIL,58,4,100,195,19500.00,2019-10-14 16:24:48.929398
910,2019101401002483,NABIL,28,29,24,764,18336.00,2019-10-14 16:24:48.929398
911,2019101401002484,NABIL,25,29,100,763,76300.00,2019-10-14 16:24:48.929398
912,2019101401002485,NABIL,6,29,38,763,28994.00,2019-10-14 16:24:48.929398
913,2019101401002486,JOSHI,38,52,30,60,1800.00,2019-10-14 16:24:48.929398
914,2019101401002487,KSBBL,22,29,50,142,7100.00,2019-10-14 16:24:48.929398
915,2019101401002488,KSBBL,21,29,500,142,71000.00,2019-10-14 16:24:48.929398
916,2019101401002489,KSBBL,33,29,1000,141,141000.00,2019-10-14 16:24:48.929398
917,2019101401002490,KSBBL,38,29,50,141,7050.00,2019-10-14 16:24:48.929398
918,2019101401002491,SJCL,52,34,10,167,1670.00,2019-10-14 16:24:48.929398
919,2019101401002492,BOKL,32,14,89,234,20826.00,2019-10-14 16:24:48.929398
920,2019101401002493,BOKL,56,14,96,234,22464.00,2019-10-14 16:24:48.929398
921,2019101401002494,PRVU,11,45,100,267,26700.00,2019-10-14 16:24:48.929398
922,2019101401002495,SRBL,45,52,50,237,11850.00,2019-10-14 16:24:48.929398
923,2019101401002496,NBB,47,29,90,209,18810.00,2019-10-14 16:24:48.929398
924,2019101401002497,NBB,56,29,210,209,43890.00,2019-10-14 16:24:48.929398
925,2019101401002498,UPPER,40,1,40,235,9400.00,2019-10-14 16:24:48.929398
926,2019101401002499,EBL,34,28,30,560,16800.00,2019-10-14 16:24:48.929398
927,2019101401002500,RHPL,29,26,40,158,6320.00,2019-10-14 16:24:48.929398
928,2019101401002501,NTC,39,21,10,625,6250.00,2019-10-14 16:24:48.929398
929,2019101401002502,FOWAD,49,48,19,1284,24396.00,2019-10-14 16:24:48.929398
930,2019101401002503,PRVU,34,45,100,267,26700.00,2019-10-14 16:24:48.929398
931,2019101401002504,NIL,28,29,25,360,9000.00,2019-10-14 16:24:48.929398
932,2019101401002505,NIL,1,29,175,360,63000.00,2019-10-14 16:24:48.929398
933,2019101401002506,PRVU,49,45,100,267,26700.00,2019-10-14 16:24:48.929398
934,2019101401002507,SJCL,52,26,20,167,3340.00,2019-10-14 16:24:48.929398
935,2019101401002508,RHPL,29,34,50,158,7900.00,2019-10-14 16:24:48.929398
936,2019101401002509,UPPER,40,1,40,235,9400.00,2019-10-14 16:24:48.929398
937,2019101401002510,RHPL,29,20,40,158,6320.00,2019-10-14 16:24:48.929398
938,2019101401002445,MEGA,28,39,500,196,98000.00,2019-10-14 16:24:48.929398
939,2019101401002446,NIB,34,54,163,438,71394.00,2019-10-14 16:24:48.929398
940,2019101401002447,SJCL,52,20,20,167,3340.00,2019-10-14 16:24:48.929398
941,2019101401002448,NABIL,21,21,56,765,42840.00,2019-10-14 16:24:48.929398
942,2019101401002449,UPPER,40,1,50,235,11750.00,2019-10-14 16:24:48.929398
943,2019101401002450,RHPL,29,34,40,158,6320.00,2019-10-14 16:24:48.929398
944,2019101401002451,FMDBL,44,19,30,316,9480.00,2019-10-14 16:24:48.929398
945,2019101401002452,FMDBL,11,19,50,316,15800.00,2019-10-14 16:24:48.929398
946,2019101401002453,FMDBL,35,19,100,316,31600.00,2019-10-14 16:24:48.929398
947,2019101401002454,CLBSL,57,54,10,475,4750.00,2019-10-14 16:24:48.929398
948,2019101401002455,PRVU,40,29,409,266,108794.00,2019-10-14 16:24:48.929398
949,2019101401002456,PRVU,42,29,500,266,133000.00,2019-10-14 16:24:48.929398
950,2019101401002457,PRVU,45,29,100,266,26600.00,2019-10-14 16:24:48.929398
951,2019101401002458,PRVU,6,29,80,266,21280.00,2019-10-14 16:24:48.929398
952,2019101401002459,PRVU,39,29,25,266,6650.00,2019-10-14 16:24:48.929398
953,2019101401002460,PRVU,45,29,86,266,22876.00,2019-10-14 16:24:48.929398
954,2019101401002461,AKBSL,17,20,10,407,4070.00,2019-10-14 16:24:48.929398
955,2019101401002462,SJCL,52,34,20,167,3340.00,2019-10-14 16:24:48.929398
956,2019101401002463,SRBL,21,52,300,237,71100.00,2019-10-14 16:24:48.929398
957,2019101401002464,LBL,29,14,275,213,58575.00,2019-10-14 16:24:48.929398
958,2019101401002465,UPPER,40,1,50,235,11750.00,2019-10-14 16:24:48.929398
959,2019101401002466,PPCL,18,20,20,93,1860.00,2019-10-14 16:24:48.929398
960,2019101401002433,CBL,41,33,2221,142,315382.00,2019-10-14 16:24:48.929398
961,2019101401002434,RHPL,29,34,40,158,6320.00,2019-10-14 16:24:48.929398
962,2019101401002435,PPCL,34,20,10,93,930.00,2019-10-14 16:24:48.929398
963,2019101401002436,UPPER,40,1,40,235,9400.00,2019-10-14 16:24:48.929398
964,2019101401002437,SJCL,52,34,20,167,3340.00,2019-10-14 16:24:48.929398
965,2019101401002438,SIFC,43,35,200,154,30800.00,2019-10-14 16:24:48.929398
966,2019101401002439,SIFC,41,35,350,153,53550.00,2019-10-14 16:24:48.929398
967,2019101401002440,AKBSL,17,20,10,407,4070.00,2019-10-14 16:24:48.929398
968,2019101401002441,MEGA,28,39,500,196,98000.00,2019-10-14 16:24:48.929398
969,2019101401002442,RHPL,29,34,40,158,6320.00,2019-10-14 16:24:48.929398
970,2019101401002443,RHPL,29,20,40,158,6320.00,2019-10-14 16:24:48.929398
971,2019101401002444,SJCL,52,34,20,167,3340.00,2019-10-14 16:24:48.929398
972,2019101401002415,SCB,35,57,10,572,5720.00,2019-10-14 16:24:48.929398
973,2019101401002416,NMBSF1,11,8,1000,10.1,10100.00,2019-10-14 16:24:48.929398
974,2019101401002417,UPPER,40,1,40,235,9400.00,2019-10-14 16:24:48.929398
975,2019101401002418,RHPL,29,34,50,158,7900.00,2019-10-14 16:24:48.929398
976,2019101401002419,NICA,34,13,30,383,11490.00,2019-10-14 16:24:48.929398
977,2019101401002420,SJCL,52,34,20,167,3340.00,2019-10-14 16:24:48.929398
978,2019101401002421,RHPL,29,20,40,158,6320.00,2019-10-14 16:24:48.929398
979,2019101401002422,UPPER,40,1,50,235,11750.00,2019-10-14 16:24:48.929398
980,2019101401002423,SBL,53,44,50,336,16800.00,2019-10-14 16:24:48.929398
981,2019101401002424,PRVU,34,45,1000,267,267000.00,2019-10-14 16:24:48.929398
982,2019101401002425,SJCL,52,20,20,167,3340.00,2019-10-14 16:24:48.929398
983,2019101401002426,NCCB,48,33,279,195,54405.00,2019-10-14 16:24:48.929398
984,2019101401002427,KBL,21,48,375,180,67500.00,2019-10-14 16:24:48.929398
985,2019101401002428,KBL,50,48,53,180,9540.00,2019-10-14 16:24:48.929398
986,2019101401002429,KBL,34,48,100,180,18000.00,2019-10-14 16:24:48.929398
987,2019101401002430,KBL,52,48,891,179,159489.00,2019-10-14 16:24:48.929398
988,2019101401002431,KBL,36,48,50,179,8950.00,2019-10-14 16:24:48.929398
989,2019101401002432,KBL,41,48,31,179,5549.00,2019-10-14 16:24:48.929398
990,2019101401002395,CBL,51,25,110,142,15620.00,2019-10-14 16:24:48.929398
991,2019101401002396,SBI,34,57,33,399,13167.00,2019-10-14 16:24:48.929398
992,2019101401002397,JFL,43,32,500,195,97500.00,2019-10-14 16:24:48.929398
993,2019101401002398,RHPL,29,34,40,158,6320.00,2019-10-14 16:24:48.929398
994,2019101401002399,NCCB,57,33,83,196,16268.00,2019-10-14 16:24:48.929398
995,2019101401002400,NCCB,40,33,200,196,39200.00,2019-10-14 16:24:48.929398
996,2019101401002401,NCCB,1,33,118,196,23128.00,2019-10-14 16:24:48.929398
997,2019101401002402,NCCB,57,33,70,196,13720.00,2019-10-14 16:24:48.929398
998,2019101401002403,NCCB,11,33,100,196,19600.00,2019-10-14 16:24:48.929398
999,2019101401002404,PRVU,34,45,500,267,133500.00,2019-10-14 16:24:48.929398
1000,2019101401002405,BOKL,4,25,20,234,4680.00,2019-10-14 16:24:48.929398
1001,2019101401002406,BOKL,32,25,111,234,25974.00,2019-10-14 16:24:48.929398
1002,2019101401002407,SJCL,52,34,20,167,3340.00,2019-10-14 16:24:48.929398
1003,2019101401002408,JFL,56,32,300,195,58500.00,2019-10-14 16:24:48.929398
1004,2019101401002409,HIDCL,54,42,45,136,6120.00,2019-10-14 16:24:48.929398
1005,2019101401002410,UPPER,40,1,40,235,9400.00,2019-10-14 16:24:48.929398
1006,2019101401002411,RBCL,59,25,20,8400,168000.00,2019-10-14 16:24:48.929398
1007,2019101401002412,RBCL,47,25,20,8400,168000.00,2019-10-14 16:24:48.929398
1008,2019101401002413,CBL,51,33,523,142,74266.00,2019-10-14 16:24:48.929398
1009,2019101401002414,CBL,35,33,256,142,36352.00,2019-10-14 16:24:48.929398
1010,2019101401002374,PRVU,49,44,392,266,104272.00,2019-10-14 16:24:48.929398
1011,2019101401002375,PRVU,42,44,500,266,133000.00,2019-10-14 16:24:48.929398
1012,2019101401002376,PRVU,45,44,50,266,13300.00,2019-10-14 16:24:48.929398
1013,2019101401002377,PRVU,34,44,400,266,106400.00,2019-10-14 16:24:48.929398
1014,2019101401002378,PRVU,25,44,200,266,53200.00,2019-10-14 16:24:48.929398
1015,2019101401002379,PRVU,25,44,1000,266,266000.00,2019-10-14 16:24:48.929398
1016,2019101401002380,PRVU,52,44,1000,266,266000.00,2019-10-14 16:24:48.929398
1017,2019101401002381,PRVU,20,44,300,266,79800.00,2019-10-14 16:24:48.929398
1018,2019101401002382,PRVU,40,44,91,266,24206.00,2019-10-14 16:24:48.929398
1019,2019101401002383,RHPL,29,34,50,158,7900.00,2019-10-14 16:24:48.929398
1020,2019101401002384,KBL,21,25,125,180,22500.00,2019-10-14 16:24:48.929398
1021,2019101401002385,SJCL,33,34,20,168,3360.00,2019-10-14 16:24:48.929398
1022,2019101401002386,SBL,13,44,200,336,67200.00,2019-10-14 16:24:48.929398
1023,2019101401002387,MBL,28,57,30,221,6630.00,2019-10-14 16:24:48.929398
1024,2019101401002388,SANIMA,14,14,148,306,45288.00,2019-10-14 16:24:48.929398
1025,2019101401002389,NMBHF1,21,21,1000,8.36,8360.00,2019-10-14 16:24:48.929398
1026,2019101401002390,CZBIL,49,25,103,194,19982.00,2019-10-14 16:24:48.929398
1027,2019101401002391,GBBL,1,10,200,211,42200.00,2019-10-14 16:24:48.929398
1028,2019101401002392,GBBL,52,10,150,211,31650.00,2019-10-14 16:24:48.929398
1029,2019101401002393,GBBL,39,10,227,210,47670.00,2019-10-14 16:24:48.929398
1030,2019101401002394,NBL,38,8,44,314,13816.00,2019-10-14 16:24:48.929398
1031,2019101401002345,OHL,28,4,57,486,27702.00,2019-10-14 16:24:48.929398
1032,2019101401002346,OHL,58,4,10,485,4850.00,2019-10-14 16:24:48.929398
1033,2019101401002347,OHL,17,4,100,485,48500.00,2019-10-14 16:24:48.929398
1034,2019101401002348,OHL,49,4,15,484,7260.00,2019-10-14 16:24:48.929398
1035,2019101401002349,RHPL,29,42,40,158,6320.00,2019-10-14 16:24:48.929398
1036,2019101401002350,SBL,44,25,105,335,35175.00,2019-10-14 16:24:48.929398
1037,2019101401002351,MBL,36,45,30,223,6690.00,2019-10-14 16:24:48.929398
1038,2019101401002352,HIDCL,45,38,100,137,13700.00,2019-10-14 16:24:48.929398
1039,2019101401002353,HIDCL,45,47,70,137,9590.00,2019-10-14 16:24:48.929398
1040,2019101401002354,HIDCL,45,4,30,137,4110.00,2019-10-14 16:24:48.929398
1041,2019101401002355,OHL,55,4,200,483,96600.00,2019-10-14 16:24:48.929398
1042,2019101401002356,SIL,21,21,60,382,22920.00,2019-10-14 16:24:48.929398
1043,2019101401002357,PRVU,49,25,108,266,28728.00,2019-10-14 16:24:48.929398
1044,2019101401002358,SJCL,33,42,20,168,3360.00,2019-10-14 16:24:48.929398
1045,2019101401002359,SRBL,21,43,200,237,47400.00,2019-10-14 16:24:48.929398
1046,2019101401002360,LICN,38,49,10,985,9850.00,2019-10-14 16:24:48.929398
1047,2019101401002361,TRH,35,3,30,276,8280.00,2019-10-14 16:24:48.929398
1048,2019101401002362,TRH,32,3,40,276,11040.00,2019-10-14 16:24:48.929398
1049,2019101401002363,MEGA,6,39,443,196,86828.00,2019-10-14 16:24:48.929398
1050,2019101401002364,OHL,32,4,10,482,4820.00,2019-10-14 16:24:48.929398
1051,2019101401002365,OHL,6,4,20,481,9620.00,2019-10-14 16:24:48.929398
1052,2019101401002366,OHL,7,4,50,480,24000.00,2019-10-14 16:24:48.929398
1053,2019101401002367,OHL,29,4,100,480,48000.00,2019-10-14 16:24:48.929398
1054,2019101401002368,OHL,35,4,20,480,9600.00,2019-10-14 16:24:48.929398
1055,2019101401002369,LBL,21,25,70,213,14910.00,2019-10-14 16:24:48.929398
1056,2019101401002370,LBL,29,25,38,213,8094.00,2019-10-14 16:24:48.929398
1057,2019101401002371,NBL,32,21,126,314,39564.00,2019-10-14 16:24:48.929398
1058,2019101401002372,LBBL,21,46,30,176,5280.00,2019-10-14 16:24:48.929398
1059,2019101401002373,LBBL,21,8,10,176,1760.00,2019-10-14 16:24:48.929398
1060,2019101401002328,SBI,21,32,10,400,4000.00,2019-10-14 16:24:48.929398
1061,2019101401002329,UPCL,22,40,100,78,7800.00,2019-10-14 16:24:48.929398
1062,2019101401002330,RHPL,52,43,110,158,17380.00,2019-10-14 16:24:48.929398
1063,2019101401002331,RHPL,29,43,390,158,61620.00,2019-10-14 16:24:48.929398
1064,2019101401002332,CZBIL,32,17,100,195,19500.00,2019-10-14 16:24:48.929398
1065,2019101401002333,CZBIL,49,17,50,194,9700.00,2019-10-14 16:24:48.929398
1066,2019101401002334,OHL,45,4,463,487,225481.00,2019-10-14 16:24:48.929398
1067,2019101401002335,OHL,28,4,37,486,17982.00,2019-10-14 16:24:48.929398
1068,2019101401002336,CBBL,21,21,59,966,56994.00,2019-10-14 16:24:48.929398
1069,2019101401002337,SRBL,1,25,31,236,7316.00,2019-10-14 16:24:48.929398
1070,2019101401002338,SRBL,1,25,108,236,25488.00,2019-10-14 16:24:48.929398
1071,2019101401002339,SAPDBL,17,16,10,127,1270.00,2019-10-14 16:24:48.929398
1072,2019101401002340,NABIL,28,42,36,764,27504.00,2019-10-14 16:24:48.929398
1073,2019101401002341,GMFBS,56,33,10,463,4630.00,2019-10-14 16:24:48.929398
1074,2019101401002342,SHINE,42,17,20,250,5000.00,2019-10-14 16:24:48.929398
1075,2019101401002343,SHINE,29,17,30,250,7500.00,2019-10-14 16:24:48.929398
1076,2019101401002344,SHIVM,51,50,10,504,5040.00,2019-10-14 16:24:48.929398
1077,2019101401002311,NABIL,57,58,10,765,7650.00,2019-10-14 16:24:48.929398
1078,2019101401002312,NABIL,45,58,50,764,38200.00,2019-10-14 16:24:48.929398
1079,2019101401002313,NABIL,28,58,940,764,718160.00,2019-10-14 16:24:48.929398
1080,2019101401002314,SHIVM,59,42,390,503,196170.00,2019-10-14 16:24:48.929398
1081,2019101401002315,SHIVM,25,42,210,503,105630.00,2019-10-14 16:24:48.929398
1082,2019101401002316,CCBL,47,58,800,154,123200.00,2019-10-14 16:24:48.929398
1083,2019101401002317,RHPL,52,40,40,158,6320.00,2019-10-14 16:24:48.929398
1084,2019101401002318,SBL,35,44,111,336,37296.00,2019-10-14 16:24:48.929398
1085,2019101401002319,MLBL,51,4,50,215,10750.00,2019-10-14 16:24:48.929398
1086,2019101401002320,SBL,6,44,150,336,50400.00,2019-10-14 16:24:48.929398
1087,2019101401002321,HBL,21,21,65,500,32500.00,2019-10-14 16:24:48.929398
1088,2019101401002322,ADBL,26,17,54,410,22140.00,2019-10-14 16:24:48.929398
1089,2019101401002323,SJCL,49,40,20,168,3360.00,2019-10-14 16:24:48.929398
1090,2019101401002324,SCB,6,44,10,572,5720.00,2019-10-14 16:24:48.929398
1091,2019101401002325,SCB,17,44,200,572,114400.00,2019-10-14 16:24:48.929398
1092,2019101401002326,SCB,35,44,490,572,280280.00,2019-10-14 16:24:48.929398
1093,2019101401002327,ALICL,44,32,50,317,15850.00,2019-10-14 16:24:48.929398
1094,2019101401002290,SJCL,49,40,20,168,3360.00,2019-10-14 16:24:48.929398
1095,2019101401002291,API,8,45,200,111,22200.00,2019-10-14 16:24:48.929398
1096,2019101401002292,API,25,45,100,111,11100.00,2019-10-14 16:24:48.929398
1097,2019101401002293,SBL,51,44,500,336,168000.00,2019-10-14 16:24:48.929398
1098,2019101401002294,JBBL,17,45,44,160,7040.00,2019-10-14 16:24:48.929398
1099,2019101401002295,JBBL,17,38,116,160,18560.00,2019-10-14 16:24:48.929398
1100,2019101401002296,SMFBS,47,40,10,781,7810.00,2019-10-14 16:24:48.929398
1101,2019101401002297,NABIL,52,58,30,766,22980.00,2019-10-14 16:24:48.929398
1102,2019101401002298,SBI,21,32,22,400,8800.00,2019-10-14 16:24:48.929398
1103,2019101401002299,NCCB,49,51,109,197,21473.00,2019-10-14 16:24:48.929398
1104,2019101401002300,NCCB,34,51,30,197,5910.00,2019-10-14 16:24:48.929398
1105,2019101401002301,NCCB,45,51,50,197,9850.00,2019-10-14 16:24:48.929398
1106,2019101401002302,NCCB,22,51,50,196,9800.00,2019-10-14 16:24:48.929398
1107,2019101401002303,NCCB,32,51,1000,196,196000.00,2019-10-14 16:24:48.929398
1108,2019101401002304,NCCB,57,51,250,196,49000.00,2019-10-14 16:24:48.929398
1109,2019101401002305,OHL,45,36,37,491,18167.00,2019-10-14 16:24:48.929398
1110,2019101401002306,SHIVM,51,50,60,504,30240.00,2019-10-14 16:24:48.929398
1111,2019101401002307,SHIVM,36,50,30,504,15120.00,2019-10-14 16:24:48.929398
1112,2019101401002308,NBB,21,21,112,210,23520.00,2019-10-14 16:24:48.929398
1113,2019101401002309,SBI,34,21,22,399,8778.00,2019-10-14 16:24:48.929398
1114,2019101401002310,NLIC,1,32,81,761,61641.00,2019-10-14 16:24:48.929398
1115,2019101401002273,CBL,51,58,2606,142,370052.00,2019-10-14 16:24:48.929398
1116,2019101401002274,ILBS,32,40,10,418,4180.00,2019-10-14 16:24:48.929398
1117,2019101401002275,NBL,21,8,126,314,39564.00,2019-10-14 16:24:48.929398
1118,2019101401002276,UPPER,48,45,20,235,4700.00,2019-10-14 16:24:48.929398
1119,2019101401002277,UPPER,40,45,57,235,13395.00,2019-10-14 16:24:48.929398
1120,2019101401002278,RHPL,52,40,40,158,6320.00,2019-10-14 16:24:48.929398
1121,2019101401002279,JBBL,49,28,50,160,8000.00,2019-10-14 16:24:48.929398
1122,2019101401002280,JBBL,49,38,34,160,5440.00,2019-10-14 16:24:48.929398
1123,2019101401002281,CCBL,8,58,164,153,25092.00,2019-10-14 16:24:48.929398
1124,2019101401002282,CCBL,13,58,800,153,122400.00,2019-10-14 16:24:48.929398
1125,2019101401002283,CCBL,32,58,1000,153,153000.00,2019-10-14 16:24:48.929398
1126,2019101401002284,SBL,45,50,22,335,7370.00,2019-10-14 16:24:48.929398
1127,2019101401002285,SBL,58,50,200,335,67000.00,2019-10-14 16:24:48.929398
1128,2019101401002286,SBL,40,50,100,335,33500.00,2019-10-14 16:24:48.929398
1129,2019101401002287,SBL,35,50,50,335,16750.00,2019-10-14 16:24:48.929398
1130,2019101401002288,SBL,44,50,732,335,245220.00,2019-10-14 16:24:48.929398
1131,2019101401002289,NIB,6,54,44,438,19272.00,2019-10-14 16:24:48.929398
1132,2019101401002251,SHIVM,48,1,30,503,15090.00,2019-10-14 16:24:48.929398
1133,2019101401002252,SHIVM,59,1,270,503,135810.00,2019-10-14 16:24:48.929398
1134,2019101401002253,GLBSL,32,40,10,428,4280.00,2019-10-14 16:24:48.929398
1135,2019101401002254,PCBL,36,42,320,264,84480.00,2019-10-14 16:24:48.929398
1136,2019101401002255,ADBL,59,38,500,410,205000.00,2019-10-14 16:24:48.929398
1137,2019101401002256,ADBL,57,38,357,410,146370.00,2019-10-14 16:24:48.929398
1138,2019101401002257,ADBL,26,38,143,410,58630.00,2019-10-14 16:24:48.929398
1139,2019101401002258,OHL,50,36,50,491,24550.00,2019-10-14 16:24:48.929398
1140,2019101401002259,SHL,49,58,750,209,156750.00,2019-10-14 16:24:48.929398
1141,2019101401002260,NLICL,6,6,1500,460,690000.00,2019-10-14 16:24:48.929398
1142,2019101401002261,CBL,8,51,535,142,75970.00,2019-10-14 16:24:48.929398
1143,2019101401002262,CBL,38,51,100,142,14200.00,2019-10-14 16:24:48.929398
1144,2019101401002263,CBL,42,51,100,142,14200.00,2019-10-14 16:24:48.929398
1145,2019101401002264,CBL,51,51,1261,142,179062.00,2019-10-14 16:24:48.929398
1146,2019101401002265,RHPL,52,40,40,158,6320.00,2019-10-14 16:24:48.929398
1147,2019101401002266,EBL,20,42,167,560,93520.00,2019-10-14 16:24:48.929398
1148,2019101401002267,EBL,41,42,30,560,16800.00,2019-10-14 16:24:48.929398
1149,2019101401002268,EBL,22,42,50,560,28000.00,2019-10-14 16:24:48.929398
1150,2019101401002269,EBL,45,42,53,560,29680.00,2019-10-14 16:24:48.929398
1151,2019101401002270,CBL,51,51,500,142,71000.00,2019-10-14 16:24:48.929398
1152,2019101401002271,SJCL,49,40,20,168,3360.00,2019-10-14 16:24:48.929398
1153,2019101401002272,AKJCL,33,49,25,56,1400.00,2019-10-14 16:24:48.929398
1154,2019101401002232,MNBBL,7,28,50,305,15250.00,2019-10-14 16:24:48.929398
1155,2019101401002233,MBL,50,45,12,223,2676.00,2019-10-14 16:24:48.929398
1156,2019101401002234,EBL,1,28,200,562,112400.00,2019-10-14 16:24:48.929398
1157,2019101401002235,SBL,43,56,354,336,118944.00,2019-10-14 16:24:48.929398
1158,2019101401002236,SBL,58,56,300,336,100800.00,2019-10-14 16:24:48.929398
1159,2019101401002237,SBL,42,56,63,336,21168.00,2019-10-14 16:24:48.929398
1160,2019101401002238,SBL,47,56,180,336,60480.00,2019-10-14 16:24:48.929398
1161,2019101401002239,SBL,38,56,50,336,16800.00,2019-10-14 16:24:48.929398
1162,2019101401002240,SBL,29,56,172,336,57792.00,2019-10-14 16:24:48.929398
1163,2019101401002241,PRVU,26,45,50,267,13350.00,2019-10-14 16:24:48.929398
1164,2019101401002242,SBL,29,44,1028,336,345408.00,2019-10-14 16:24:48.929398
1165,2019101401002243,SBL,46,44,50,336,16800.00,2019-10-14 16:24:48.929398
1166,2019101401002244,SBL,52,44,422,336,141792.00,2019-10-14 16:24:48.929398
1167,2019101401002245,ALICL,44,37,65,317,20605.00,2019-10-14 16:24:48.929398
1168,2019101401002246,KRBL,22,16,20,102,2040.00,2019-10-14 16:24:48.929398
1169,2019101401002247,KRBL,57,16,200,101,20200.00,2019-10-14 16:24:48.929398
1170,2019101401002248,KRBL,5,16,180,101,18180.00,2019-10-14 16:24:48.929398
1171,2019101401002249,SBL,52,44,78,336,26208.00,2019-10-14 16:24:48.929398
1172,2019101401002250,SBL,49,44,100,336,33600.00,2019-10-14 16:24:48.929398
1173,2019101401002218,SANIMA,14,52,450,306,137700.00,2019-10-14 16:24:48.929398
1174,2019101401002219,SHIVM,22,57,100,503,50300.00,2019-10-14 16:24:48.929398
1175,2019101401002220,MNBBL,29,28,200,305,61000.00,2019-10-14 16:24:48.929398
1176,2019101401002221,NLIC,25,28,10,761,7610.00,2019-10-14 16:24:48.929398
1177,2019101401002222,NLIC,1,28,90,761,68490.00,2019-10-14 16:24:48.929398
1178,2019101401002223,PRVU,56,45,500,267,133500.00,2019-10-14 16:24:48.929398
1179,2019101401002224,PRVU,34,45,200,267,53400.00,2019-10-14 16:24:48.929398
1180,2019101401002225,PRVU,34,45,1000,267,267000.00,2019-10-14 16:24:48.929398
1181,2019101401002226,PRVU,33,45,20,267,5340.00,2019-10-14 16:24:48.929398
1182,2019101401002227,PRVU,37,45,100,267,26700.00,2019-10-14 16:24:48.929398
1183,2019101401002228,PRVU,51,45,1555,267,415185.00,2019-10-14 16:24:48.929398
1184,2019101401002229,PRVU,35,45,500,267,133500.00,2019-10-14 16:24:48.929398
1185,2019101401002230,NLICL,17,39,200,463,92600.00,2019-10-14 16:24:48.929398
1186,2019101401002231,SCB,6,52,90,572,51480.00,2019-10-14 16:24:48.929398
1187,2019101401002211,SBL,57,56,754,336,253344.00,2019-10-14 16:24:48.929398
1188,2019101401002212,SBL,45,56,5000,336,1680000.00,2019-10-14 16:24:48.929398
1189,2019101401002213,SBL,14,56,100,336,33600.00,2019-10-14 16:24:48.929398
1190,2019101401002214,SBL,35,56,1000,336,336000.00,2019-10-14 16:24:48.929398
1191,2019101401002215,SBL,43,56,146,336,49056.00,2019-10-14 16:24:48.929398
1192,2019101401002216,SRBL,22,43,100,237,23700.00,2019-10-14 16:24:48.929398
1193,2019101401002217,CIT,16,8,19,1769,33611.00,2019-10-14 16:24:48.929398
1194,2019101401002200,PRVU,52,52,2213,267,590871.00,2019-10-14 16:24:48.929398
1195,2019101401002201,UMHL,57,45,23,103,2369.00,2019-10-14 16:24:48.929398
1196,2019101401002202,SHIVM,19,28,10,504,5040.00,2019-10-14 16:24:48.929398
1197,2019101401002203,UPPER,42,48,30,235,7050.00,2019-10-14 16:24:48.929398
1198,2019101401002204,UPPER,48,48,20,235,4700.00,2019-10-14 16:24:48.929398
1199,2019101401002205,BPCL,48,22,10,357,3570.00,2019-10-14 16:24:48.929398
1200,2019101401002206,BPCL,13,22,12,356,4272.00,2019-10-14 16:24:48.929398
1201,2019101401002207,CCBL,6,58,700,154,107800.00,2019-10-14 16:24:48.929398
1202,2019101401002208,SJCL,49,48,20,168,3360.00,2019-10-14 16:24:48.929398
1203,2019101401002209,SPARS,32,45,10,536,5360.00,2019-10-14 16:24:48.929398
1204,2019101401002210,RHPL,52,48,20,158,3160.00,2019-10-14 16:24:48.929398
1205,2019101401002173,MLBL,51,25,118,215,25370.00,2019-10-14 16:24:48.929398
1206,2019101401002174,NLICL,49,39,50,462,23100.00,2019-10-14 16:24:48.929398
1207,2019101401002175,NLICL,56,39,20,462,9240.00,2019-10-14 16:24:48.929398
1208,2019101401002176,NLICL,52,39,500,461,230500.00,2019-10-14 16:24:48.929398
1209,2019101401002177,NLICL,44,39,1000,460,460000.00,2019-10-14 16:24:48.929398
1210,2019101401002178,AKBSL,17,22,10,407,4070.00,2019-10-14 16:24:48.929398
1211,2019101401002179,HIDCL,54,22,14,136,1904.00,2019-10-14 16:24:48.929398
1212,2019101401002180,MEGA,28,34,1960,196,384160.00,2019-10-14 16:24:48.929398
1213,2019101401002181,MEGA,28,6,55,196,10780.00,2019-10-14 16:24:48.929398
1214,2019101401002182,MEGA,28,6,96,196,18816.00,2019-10-14 16:24:48.929398
1215,2019101401002183,MEGA,28,6,98,196,19208.00,2019-10-14 16:24:48.929398
1216,2019101401002184,MEGA,28,6,98,196,19208.00,2019-10-14 16:24:48.929398
1217,2019101401002185,MEGA,28,6,96,196,18816.00,2019-10-14 16:24:48.929398
1218,2019101401002186,SWBBL,22,48,195,916,178620.00,2019-10-14 16:24:48.929398
1219,2019101401002187,SWBBL,28,48,100,915,91500.00,2019-10-14 16:24:48.929398
1220,2019101401002188,SHIVM,19,22,50,504,25200.00,2019-10-14 16:24:48.929398
1221,2019101401002189,ADBL,52,58,60,412,24720.00,2019-10-14 16:24:48.929398
1222,2019101401002190,ADBL,25,58,100,411,41100.00,2019-10-14 16:24:48.929398
1223,2019101401002191,ADBL,44,58,50,411,20550.00,2019-10-14 16:24:48.929398
1224,2019101401002192,ADBL,52,58,20,411,8220.00,2019-10-14 16:24:48.929398
1225,2019101401002193,ADBL,49,58,2000,411,822000.00,2019-10-14 16:24:48.929398
1226,2019101401002194,ADBL,51,58,125,411,51375.00,2019-10-14 16:24:48.929398
1227,2019101401002195,ADBL,6,58,1000,410,410000.00,2019-10-14 16:24:48.929398
1228,2019101401002196,ADBL,53,58,200,410,82000.00,2019-10-14 16:24:48.929398
1229,2019101401002197,ADBL,56,58,170,410,69700.00,2019-10-14 16:24:48.929398
1230,2019101401002198,ADBL,57,58,43,410,17630.00,2019-10-14 16:24:48.929398
1231,2019101401002199,PMHPL,54,22,10,88,880.00,2019-10-14 16:24:48.929398
1232,2019101401002159,MLBL,22,14,100,216,21600.00,2019-10-14 16:24:48.929398
1233,2019101401002160,FMDBL,44,56,20,316,6320.00,2019-10-14 16:24:48.929398
1234,2019101401002161,NLIC,57,1,80,760,60800.00,2019-10-14 16:24:48.929398
1235,2019101401002162,NIB,43,42,50,437,21850.00,2019-10-14 16:24:48.929398
1236,2019101401002163,PRIN,6,32,15,310,4650.00,2019-10-14 16:24:48.929398
1237,2019101401002164,PRIN,7,32,50,310,15500.00,2019-10-14 16:24:48.929398
1238,2019101401002165,NABIL,19,58,50,766,38300.00,2019-10-14 16:24:48.929398
1239,2019101401002166,PRVU,11,47,70,268,18760.00,2019-10-14 16:24:48.929398
1240,2019101401002167,PRVU,11,54,500,268,134000.00,2019-10-14 16:24:48.929398
1241,2019101401002168,PRVU,11,58,430,268,115240.00,2019-10-14 16:24:48.929398
1242,2019101401002169,NMBMF,45,58,50,1120,56000.00,2019-10-14 16:24:48.929398
1243,2019101401002170,UPPER,42,22,50,235,11750.00,2019-10-14 16:24:48.929398
1244,2019101401002171,PMHPL,54,22,10,88,880.00,2019-10-14 16:24:48.929398
1245,2019101401002172,KBL,5,51,700,181,126700.00,2019-10-14 16:24:48.929398
1246,2019101401002153,SJCL,49,32,10,168,1680.00,2019-10-14 16:24:48.929398
1247,2019101401002154,SJCL,49,32,20,168,3360.00,2019-10-14 16:24:48.929398
1248,2019101401002155,NIBPO,17,35,190,412,78280.00,2019-10-14 16:24:48.929398
1249,2019101401002156,TMDBL,39,17,141,152,21432.00,2019-10-14 16:24:48.929398
1250,2019101401002157,SIL,46,18,30,383,11490.00,2019-10-14 16:24:48.929398
1251,2019101401002158,NABIL,22,58,10,766,7660.00,2019-10-14 16:24:48.929398
1252,2019101401002132,CZBIL,32,56,26,195,5070.00,2019-10-14 16:24:48.929398
1253,2019101401002133,UIC,25,37,90,260,23400.00,2019-10-14 16:24:48.929398
1254,2019101401002134,CBL,8,22,10,142,1420.00,2019-10-14 16:24:48.929398
1255,2019101401002135,NABIL,25,58,26,766,19916.00,2019-10-14 16:24:48.929398
1256,2019101401002136,NCCB,49,10,11,197,2167.00,2019-10-14 16:24:48.929398
1257,2019101401002137,PMHPL,54,32,10,88,880.00,2019-10-14 16:24:48.929398
1258,2019101401002138,KPCL,21,32,10,80,800.00,2019-10-14 16:24:48.929398
1259,2019101401002139,PCBL,32,58,869,265,230285.00,2019-10-14 16:24:48.929398
1260,2019101401002140,NBL,13,56,1450,314,455300.00,2019-10-14 16:24:48.929398
1261,2019101401002141,NBB,47,22,10,209,2090.00,2019-10-14 16:24:48.929398
1262,2019101401002142,PPCL,34,32,10,93,930.00,2019-10-14 16:24:48.929398
1263,2019101401002143,PMHPL,54,32,10,88,880.00,2019-10-14 16:24:48.929398
1264,2019101401002144,SANIMA,34,52,100,307,30700.00,2019-10-14 16:24:48.929398
1265,2019101401002145,PCBL,32,10,131,265,34715.00,2019-10-14 16:24:48.929398
1266,2019101401002146,PCBL,36,10,73,264,19272.00,2019-10-14 16:24:48.929398
1267,2019101401002147,HIDCL,51,22,18,135,2430.00,2019-10-14 16:24:48.929398
1268,2019101401002148,KPCL,21,32,10,80,800.00,2019-10-14 16:24:48.929398
1269,2019101401002149,RHPL,52,32,40,158,6320.00,2019-10-14 16:24:48.929398
1270,2019101401002150,SBL,40,56,200,337,67400.00,2019-10-14 16:24:48.929398
1271,2019101401002151,NIB,19,6,44,438,19272.00,2019-10-14 16:24:48.929398
1272,2019101401002152,RHPL,52,32,40,158,6320.00,2019-10-14 16:24:48.929398
1273,2019101401002126,SBL,53,34,250,337,84250.00,2019-10-14 16:24:48.929398
1274,2019101401002127,SRBL,6,6,42,237,9954.00,2019-10-14 16:24:48.929398
1275,2019101401002128,PRVU,22,47,200,268,53600.00,2019-10-14 16:24:48.929398
1276,2019101401002129,SJCL,49,57,20,168,3360.00,2019-10-14 16:24:48.929398
1277,2019101401002130,SBL,53,56,691,337,232867.00,2019-10-14 16:24:48.929398
1278,2019101401002131,AKBSL,17,32,10,407,4070.00,2019-10-14 16:24:48.929398
1279,2019101401002112,RHPL,52,57,30,158,4740.00,2019-10-14 16:24:48.929398
1280,2019101401002113,SWBBL,22,56,25,916,22900.00,2019-10-14 16:24:48.929398
1281,2019101401002114,PCBL,13,58,220,265,58300.00,2019-10-14 16:24:48.929398
1282,2019101401002115,PCBL,13,6,149,265,39485.00,2019-10-14 16:24:48.929398
1283,2019101401002116,PCBL,13,58,131,265,34715.00,2019-10-14 16:24:48.929398
1284,2019101401002117,SBL,48,34,200,337,67400.00,2019-10-14 16:24:48.929398
1285,2019101401002118,SDESI,35,57,12,607,7284.00,2019-10-14 16:24:48.929398
1286,2019101401002119,NCCB,57,28,87,197,17139.00,2019-10-14 16:24:48.929398
1287,2019101401002120,NCCB,34,28,50,197,9850.00,2019-10-14 16:24:48.929398
1288,2019101401002121,NCCB,25,28,100,197,19700.00,2019-10-14 16:24:48.929398
1289,2019101401002122,NCCB,49,28,80,197,15760.00,2019-10-14 16:24:48.929398
1290,2019101401002123,SBL,39,34,500,337,168500.00,2019-10-14 16:24:48.929398
1291,2019101401002124,CCBL,47,58,487,154,74998.00,2019-10-14 16:24:48.929398
1292,2019101401002125,SBL,36,34,50,337,16850.00,2019-10-14 16:24:48.929398
1293,2019101401002102,SRBL,6,6,43,237,10191.00,2019-10-14 16:24:48.929398
1294,2019101401002103,MNBBL,38,56,68,304,20672.00,2019-10-14 16:24:48.929398
1295,2019101401002104,PCBL,45,57,10,264,2640.00,2019-10-14 16:24:48.929398
1296,2019101401002105,PCBL,36,57,111,264,29304.00,2019-10-14 16:24:48.929398
1297,2019101401002106,SANIMA,14,13,152,306,46512.00,2019-10-14 16:24:48.929398
1298,2019101401002107,CEFL,4,42,40,118,4720.00,2019-10-14 16:24:48.929398
1299,2019101401002108,CEFL,4,57,480,118,56640.00,2019-10-14 16:24:48.929398
1300,2019101401002109,CEFL,4,51,3000,118,354000.00,2019-10-14 16:24:48.929398
1301,2019101401002110,CEFL,4,47,50,119,5950.00,2019-10-14 16:24:48.929398
1302,2019101401002111,CEFL,4,48,50,119,5950.00,2019-10-14 16:24:48.929398
1303,2019101401002091,SBL,28,44,1320,337,444840.00,2019-10-14 16:24:48.929398
1304,2019101401002092,SBL,28,32,500,337,168500.00,2019-10-14 16:24:48.929398
1305,2019101401002093,ILBS,32,57,10,418,4180.00,2019-10-14 16:24:48.929398
1306,2019101401002094,CZBIL,32,38,400,195,78000.00,2019-10-14 16:24:48.929398
1307,2019101401002095,CZBIL,19,38,100,195,19500.00,2019-10-14 16:24:48.929398
1308,2019101401002096,CZBIL,22,38,40,195,7800.00,2019-10-14 16:24:48.929398
1309,2019101401002097,CZBIL,43,38,200,195,39000.00,2019-10-14 16:24:48.929398
1310,2019101401002098,CZBIL,6,38,60,195,11700.00,2019-10-14 16:24:48.929398
1311,2019101401002099,CZBIL,45,38,50,195,9750.00,2019-10-14 16:24:48.929398
1312,2019101401002100,CZBIL,39,38,500,194,97000.00,2019-10-14 16:24:48.929398
1313,2019101401002101,CZBIL,49,38,50,194,9700.00,2019-10-14 16:24:48.929398
1314,2019101401002084,SRBL,6,6,43,237,10191.00,2019-10-14 16:24:48.929398
1315,2019101401002085,MLBL,38,6,64,215,13760.00,2019-10-14 16:24:48.929398
1316,2019101401002086,MLBL,51,6,86,215,18490.00,2019-10-14 16:24:48.929398
1317,2019101401002087,HIDCL,6,22,36,136,4896.00,2019-10-14 16:24:48.929398
1318,2019101401002088,HIDCL,37,22,200,136,27200.00,2019-10-14 16:24:48.929398
1319,2019101401002089,PCBL,49,50,122,264,32208.00,2019-10-14 16:24:48.929398
1320,2019101401002090,PCBL,45,50,40,264,10560.00,2019-10-14 16:24:48.929398
1321,2019101401002073,SABSL,57,5,10,453,4530.00,2019-10-14 16:24:48.929398
1322,2019101401002074,SABSL,57,26,1010,454,458540.00,2019-10-14 16:24:48.929398
1323,2019101401002075,ADBL,52,58,382,412,157384.00,2019-10-14 16:24:48.929398
1324,2019101401002076,NMBMF,8,21,15,1119,16785.00,2019-10-14 16:24:48.929398
1325,2019101401002077,NMBMF,8,58,85,1120,95200.00,2019-10-14 16:24:48.929398
1326,2019101401002078,SBL,57,34,194,336,65184.00,2019-10-14 16:24:48.929398
1327,2019101401002079,SBL,11,34,500,336,168000.00,2019-10-14 16:24:48.929398
1328,2019101401002080,SBL,14,34,100,336,33600.00,2019-10-14 16:24:48.929398
