S.N,Contract_No,Stock_Symbol,Buyer_Broker,Seller_Broker,Quantity,Rate,Amount,Date
1,2019111701005825,SJCL,22,41,20,161,3220.00,2019-11-17 19:08:20.921623
2,2019111701005826,ILBS,1,29,60,469,28140.00,2019-11-17 19:08:20.921623
3,2019111701005827,ILBS,1,19,10,469,4690.00,2019-11-17 19:08:20.921623
4,2019111701005828,ILBS,1,50,50,469,23450.00,2019-11-17 19:08:20.921623
5,2019111701005829,ILBS,1,25,50,469,23450.00,2019-11-17 19:08:20.921623
6,2019111701005830,ILBS,1,26,140,470,65800.00,2019-11-17 19:08:20.921623
7,2019111701005831,NLIC,48,8,230,790,181700.00,2019-11-17 19:08:20.921623
8,2019111701005832,NLIC,40,8,10,789,7890.00,2019-11-17 19:08:20.921623
9,2019111701005833,NLIC,57,8,760,789,599640.00,2019-11-17 19:08:20.921623
10,2019111701005834,SCB,42,41,57,550,31350.00,2019-11-17 19:08:20.921623
11,2019111701005835,SCB,45,41,15,550,8250.00,2019-11-17 19:08:20.921623
12,2019111701005836,SCB,25,41,128,550,70400.00,2019-11-17 19:08:20.921623
13,2019111701005837,CCBL,52,54,10,161,1610.00,2019-11-17 19:08:20.921623
14,2019111701005838,NIB,51,28,24,422,10128.00,2019-11-17 19:08:20.921623
15,2019111701005839,NABIL,42,44,10,751,7510.00,2019-11-17 19:08:20.921623
16,2019111701005840,NABIL,8,44,42,751,31542.00,2019-11-17 19:08:20.921623
17,2019111701005841,PLIC,57,4,201,309,62109.00,2019-11-17 19:08:20.921623
18,2019111701005842,PLIC,57,4,101,309,31209.00,2019-11-17 19:08:20.921623
19,2019111701005843,PLIC,49,4,25,309,7725.00,2019-11-17 19:08:20.921623
20,2019111701005844,PLIC,45,4,60,309,18540.00,2019-11-17 19:08:20.921623
21,2019111701005845,PLIC,1,4,70,309,21630.00,2019-11-17 19:08:20.921623
22,2019111701005846,PLIC,28,4,43,309,13287.00,2019-11-17 19:08:20.921623
23,2019111701005847,NICA,50,38,377,416,156832.00,2019-11-17 19:08:20.921623
24,2019111701005848,NICA,22,38,200,416,83200.00,2019-11-17 19:08:20.921623
25,2019111701005849,NICA,58,38,475,416,197600.00,2019-11-17 19:08:20.921623
26,2019111701005850,NICA,36,38,500,416,208000.00,2019-11-17 19:08:20.921623
27,2019111701005851,CBL,58,52,100,138,13800.00,2019-11-17 19:08:20.921623
28,2019111701005852,NICA,56,28,22,415,9130.00,2019-11-17 19:08:20.921623
29,2019111701005853,CZBIL,50,54,10,186,1860.00,2019-11-17 19:08:20.921623
30,2019111701005854,AKJCL,56,22,10,56,560.00,2019-11-17 19:08:20.921623
31,2019111701005855,AKJCL,56,22,10,56,560.00,2019-11-17 19:08:20.921623
32,2019111701005856,UPPER,25,4,10,228,2280.00,2019-11-17 19:08:20.921623
33,2019111701005857,SABSL,6,5,10,560,5600.00,2019-11-17 19:08:20.921623
34,2019111701005858,SABSL,46,51,15,562,8430.00,2019-11-17 19:08:20.921623
35,2019111701005859,BBC,34,52,10,1393,13930.00,2019-11-17 19:08:20.921623
36,2019111701005860,NMB,53,28,24,384,9216.00,2019-11-17 19:08:20.921623
37,2019111701005861,NMB,48,28,26,384,9984.00,2019-11-17 19:08:20.921623
38,2019111701005862,NMB,26,32,1080,385,415800.00,2019-11-17 19:08:20.921623
39,2019111701005863,KSBBL,33,37,34,134,4556.00,2019-11-17 19:08:20.921623
40,2019111701005864,OHL,58,44,30,412,12360.00,2019-11-17 19:08:20.921623
41,2019111701005865,AKJCL,56,7,10,57,570.00,2019-11-17 19:08:20.921623
42,2019111701005866,NICA,36,57,200,418,83600.00,2019-11-17 19:08:20.921623
43,2019111701005867,MFIL,49,59,1500,125,187500.00,2019-11-17 19:08:20.921623
44,2019111701005868,CCBL,17,17,200,162,32400.00,2019-11-17 19:08:20.921623
45,2019111701005869,UPPER,40,4,150,228,34200.00,2019-11-17 19:08:20.921623
46,2019111701005870,PCBL,53,28,36,267,9612.00,2019-11-17 19:08:20.921623
47,2019111701005871,FMDBL,22,8,40,305,12200.00,2019-11-17 19:08:20.921623
48,2019111701005872,FMDBL,55,8,20,305,6100.00,2019-11-17 19:08:20.921623
49,2019111701005873,RBCLPO,32,58,10,7400,74000.00,2019-11-17 19:08:20.921623
50,2019111701005874,ALICL,28,19,315,315,99225.00,2019-11-17 19:08:20.921623
51,2019111701005875,NLG,58,59,200,535,107000.00,2019-11-17 19:08:20.921623
52,2019111701005876,NLIC,57,44,200,789,157800.00,2019-11-17 19:08:20.921623
53,2019111701005877,NABIL,58,42,10,755,7550.00,2019-11-17 19:08:20.921623
54,2019111701005878,NIBPO,37,16,10,392,3920.00,2019-11-17 19:08:20.921623
55,2019111701005879,PRVU,22,49,110,228,25080.00,2019-11-17 19:08:20.921623
56,2019111701005880,PRVU,22,41,100,228,22800.00,2019-11-17 19:08:20.921623
57,2019111701005881,PRVU,22,34,345,228,78660.00,2019-11-17 19:08:20.921623
58,2019111701005882,PRVU,22,22,20,228,4560.00,2019-11-17 19:08:20.921623
59,2019111701005883,JBBL,47,45,26,159,4134.00,2019-11-17 19:08:20.921623
60,2019111701005884,NBL,36,58,500,319,159500.00,2019-11-17 19:08:20.921623
61,2019111701005885,NBL,36,45,300,319,95700.00,2019-11-17 19:08:20.921623
62,2019111701005886,NBL,36,54,300,319,95700.00,2019-11-17 19:08:20.921623
63,2019111701005887,NBL,36,45,100,319,31900.00,2019-11-17 19:08:20.921623
64,2019111701005888,NBL,36,57,100,319,31900.00,2019-11-17 19:08:20.921623
65,2019111701005889,NBL,36,44,150,319,47850.00,2019-11-17 19:08:20.921623
66,2019111701005890,NBL,36,8,200,319,63800.00,2019-11-17 19:08:20.921623
67,2019111701005891,PRVU,22,1,1000,228,228000.00,2019-11-17 19:08:20.921623
68,2019111701005892,RBCLPO,32,44,10,7444,74440.00,2019-11-17 19:08:20.921623
69,2019111701005893,CBL,58,49,208,138,28704.00,2019-11-17 19:08:20.921623
70,2019111701005894,CBL,1,49,92,138,12696.00,2019-11-17 19:08:20.921623
71,2019111701005895,JBBL,38,46,162,160,25920.00,2019-11-17 19:08:20.921623
72,2019111701005896,SMFBS,33,6,10,794,7940.00,2019-11-17 19:08:20.921623
73,2019111701005897,NICL,28,25,10,253,2530.00,2019-11-17 19:08:20.921623
74,2019111701005898,PIC,20,59,11,359,3949.00,2019-11-17 19:08:20.921623
75,2019111701005899,NIB,51,57,491,422,207202.00,2019-11-17 19:08:20.921623
76,2019111701005900,NIB,22,57,100,422,42200.00,2019-11-17 19:08:20.921623
77,2019111701005901,NIB,1,57,20,422,8440.00,2019-11-17 19:08:20.921623
78,2019111701005902,NIB,19,57,105,422,44310.00,2019-11-17 19:08:20.921623
79,2019111701005903,NLIC,57,6,40,789,31560.00,2019-11-17 19:08:20.921623
80,2019111701005904,PLIC,28,28,351,309,108459.00,2019-11-17 19:08:20.921623
81,2019111701005905,HDL,25,28,10,1770,17700.00,2019-11-17 19:08:20.921623
82,2019111701005906,HDL,6,28,20,1770,35400.00,2019-11-17 19:08:20.921623
83,2019111701005907,GMFBS,45,57,23,510,11730.00,2019-11-17 19:08:20.921623
84,2019111701005908,CCBL,52,22,50,161,8050.00,2019-11-17 19:08:20.921623
85,2019111701005909,GLBSL,58,26,240,400,96000.00,2019-11-17 19:08:20.921623
86,2019111701005910,VLBS,48,45,10,597,5970.00,2019-11-17 19:08:20.921623
87,2019111701005911,KBL,8,54,10,178,1780.00,2019-11-17 19:08:20.921623
88,2019111701005912,SANIMA,39,35,215,306,65790.00,2019-11-17 19:08:20.921623
89,2019111701005913,LBL,32,21,136,218,29648.00,2019-11-17 19:08:20.921623
90,2019111701005914,NMFBS,37,43,20,1702,34040.00,2019-11-17 19:08:20.921623
91,2019111701005915,NICL,25,25,10,257,2570.00,2019-11-17 19:08:20.921623
92,2019111701005916,SBL,4,26,100,287,28700.00,2019-11-17 19:08:20.921623
93,2019111701005917,UMHL,43,51,14,103,1442.00,2019-11-17 19:08:20.921623
94,2019111701005918,ALBSL,22,11,61,407,24827.00,2019-11-17 19:08:20.921623
95,2019111701005919,SMFBS,33,18,20,796,15920.00,2019-11-17 19:08:20.921623
96,2019111701005920,AHPC,55,8,120,94,11280.00,2019-11-17 19:08:20.921623
97,2019111701005921,SICL,51,19,98,736,72128.00,2019-11-17 19:08:20.921623
98,2019111701005922,SICL,46,19,217,735,159495.00,2019-11-17 19:08:20.921623
99,2019111701005923,SICL,37,19,56,733,41048.00,2019-11-17 19:08:20.921623
100,2019111701005924,NBL,36,17,10,319,3190.00,2019-11-17 19:08:20.921623
101,2019111701005925,CCBL,41,17,26,162,4212.00,2019-11-17 19:08:20.921623
102,2019111701005926,CCBL,41,45,40,162,6480.00,2019-11-17 19:08:20.921623
103,2019111701005927,CCBL,41,19,100,162,16200.00,2019-11-17 19:08:20.921623
104,2019111701005928,CCBL,41,19,34,162,5508.00,2019-11-17 19:08:20.921623
105,2019111701005929,PMHPL,54,28,10,86,860.00,2019-11-17 19:08:20.921623
106,2019111701005930,JBBL,47,46,328,160,52480.00,2019-11-17 19:08:20.921623
107,2019111701005931,JBBL,47,21,100,160,16000.00,2019-11-17 19:08:20.921623
108,2019111701005932,JBBL,47,56,500,160,80000.00,2019-11-17 19:08:20.921623
109,2019111701005933,JBBL,47,25,30,160,4800.00,2019-11-17 19:08:20.921623
110,2019111701005934,JBBL,47,57,42,160,6720.00,2019-11-17 19:08:20.921623
111,2019111701005935,HDL,58,49,15,1780,26700.00,2019-11-17 19:08:20.921623
112,2019111701005936,HDL,58,57,10,1784,17840.00,2019-11-17 19:08:20.921623
113,2019111701005937,AHPC,28,46,700,95,66500.00,2019-11-17 19:08:20.921623
114,2019111701005938,NCCB,33,45,10,202,2020.00,2019-11-17 19:08:20.921623
115,2019111701005939,NCCB,58,45,10,202,2020.00,2019-11-17 19:08:20.921623
116,2019111701005774,NABIL,8,25,80,752,60160.00,2019-11-17 19:08:20.921623
117,2019111701005775,NABIL,8,58,500,753,376500.00,2019-11-17 19:08:20.921623
118,2019111701005776,NABIL,8,45,15,753,11295.00,2019-11-17 19:08:20.921623
119,2019111701005777,NHPC,52,28,100,51,5100.00,2019-11-17 19:08:20.921623
120,2019111701005778,PRVU,4,57,700,227,158900.00,2019-11-17 19:08:20.921623
121,2019111701005779,UPPER,22,40,30,227,6810.00,2019-11-17 19:08:20.921623
122,2019111701005780,UPPER,10,40,20,227,4540.00,2019-11-17 19:08:20.921623
123,2019111701005781,NBL,25,40,510,318,162180.00,2019-11-17 19:08:20.921623
124,2019111701005782,NUBL,38,6,115,896,103040.00,2019-11-17 19:08:20.921623
125,2019111701005783,ADBL,17,57,30,416,12480.00,2019-11-17 19:08:20.921623
126,2019111701005784,LGIL,49,22,400,315,126000.00,2019-11-17 19:08:20.921623
127,2019111701005785,SBI,52,50,77,390,30030.00,2019-11-17 19:08:20.921623
128,2019111701005786,SBI,1,50,20,390,7800.00,2019-11-17 19:08:20.921623
129,2019111701005787,SBI,59,50,151,390,58890.00,2019-11-17 19:08:20.921623
130,2019111701005788,NICA,36,44,300,417,125100.00,2019-11-17 19:08:20.921623
131,2019111701005789,HDL,58,28,20,1783,35660.00,2019-11-17 19:08:20.921623
132,2019111701005790,SMB,49,3,40,420,16800.00,2019-11-17 19:08:20.921623
133,2019111701005791,NIBSF1,20,51,900,8.66,7794.00,2019-11-17 19:08:20.921623
134,2019111701005792,SRS,39,21,200,239,47800.00,2019-11-17 19:08:20.921623
135,2019111701005793,NICA,50,45,58,416,24128.00,2019-11-17 19:08:20.921623
136,2019111701005794,SDESI,45,33,100,635,63500.00,2019-11-17 19:08:20.921623
137,2019111701005795,SHIVM,47,48,100,433,43300.00,2019-11-17 19:08:20.921623
138,2019111701005796,JFL,1,16,10,195,1950.00,2019-11-17 19:08:20.921623
139,2019111701005797,KBL,41,57,106,179,18974.00,2019-11-17 19:08:20.921623
140,2019111701005798,CBL,58,53,150,138,20700.00,2019-11-17 19:08:20.921623
141,2019111701005799,NBL,25,16,500,319,159500.00,2019-11-17 19:08:20.921623
142,2019111701005800,AKBSL,40,54,10,432,4320.00,2019-11-17 19:08:20.921623
143,2019111701005801,UPPER,29,4,100,228,22800.00,2019-11-17 19:08:20.921623
144,2019111701005802,NTC,6,47,10,624,6240.00,2019-11-17 19:08:20.921623
145,2019111701005803,FOWAD,34,52,85,1315,111775.00,2019-11-17 19:08:20.921623
146,2019111701005804,NBL,25,16,500,319,159500.00,2019-11-17 19:08:20.921623
147,2019111701005805,NBL,25,58,500,319,159500.00,2019-11-17 19:08:20.921623
148,2019111701005806,SBI,33,28,200,391,78200.00,2019-11-17 19:08:20.921623
149,2019111701005807,SKBBL,25,50,190,931,176890.00,2019-11-17 19:08:20.921623
150,2019111701005808,JFL,1,56,200,195,39000.00,2019-11-17 19:08:20.921623
151,2019111701005809,NMB,29,32,20,385,7700.00,2019-11-17 19:08:20.921623
152,2019111701005810,GBBL,57,4,361,223,80503.00,2019-11-17 19:08:20.921623
153,2019111701005811,GBBL,39,4,100,223,22300.00,2019-11-17 19:08:20.921623
154,2019111701005812,GBBL,14,4,10,223,2230.00,2019-11-17 19:08:20.921623
155,2019111701005813,GBBL,21,4,500,223,111500.00,2019-11-17 19:08:20.921623
156,2019111701005814,GBBL,4,4,400,223,89200.00,2019-11-17 19:08:20.921623
157,2019111701005815,GBBL,4,4,300,223,66900.00,2019-11-17 19:08:20.921623
158,2019111701005816,CBL,58,56,90,138,12420.00,2019-11-17 19:08:20.921623
159,2019111701005817,SHIVM,21,48,500,433,216500.00,2019-11-17 19:08:20.921623
160,2019111701005818,AKJCL,6,54,20,55,1100.00,2019-11-17 19:08:20.921623
161,2019111701005819,UPPER,10,40,50,227,11350.00,2019-11-17 19:08:20.921623
162,2019111701005820,GMFIL,43,46,23,115,2645.00,2019-11-17 19:08:20.921623
163,2019111701005821,ADBL,39,6,1000,415,415000.00,2019-11-17 19:08:20.921623
164,2019111701005822,RRHP,58,48,10,101,1010.00,2019-11-17 19:08:20.921623
165,2019111701005823,RRHP,58,25,100,101,10100.00,2019-11-17 19:08:20.921623
166,2019111701005824,SIFC,28,55,79,149,11771.00,2019-11-17 19:08:20.921623
167,2019111701005731,NUBL,38,19,20,891,17820.00,2019-11-17 19:08:20.921623
168,2019111701005732,NUBL,38,6,55,896,49280.00,2019-11-17 19:08:20.921623
169,2019111701005733,CCBL,41,41,500,162,81000.00,2019-11-17 19:08:20.921623
170,2019111701005734,NMB,41,32,500,385,192500.00,2019-11-17 19:08:20.921623
171,2019111701005735,NBL,50,34,185,318,58830.00,2019-11-17 19:08:20.921623
172,2019111701005736,NBL,25,34,215,318,68370.00,2019-11-17 19:08:20.921623
173,2019111701005737,HDL,33,22,20,1780,35600.00,2019-11-17 19:08:20.921623
174,2019111701005738,HDL,50,4,50,1771,88550.00,2019-11-17 19:08:20.921623
175,2019111701005739,API,25,51,980,104,101920.00,2019-11-17 19:08:20.921623
176,2019111701005740,NIB,43,36,10,424,4240.00,2019-11-17 19:08:20.921623
177,2019111701005741,API,25,57,40,105,4200.00,2019-11-17 19:08:20.921623
178,2019111701005742,NICA,22,54,35,416,14560.00,2019-11-17 19:08:20.921623
179,2019111701005743,NICA,6,54,1000,416,416000.00,2019-11-17 19:08:20.921623
180,2019111701005744,NICA,49,54,50,416,20800.00,2019-11-17 19:08:20.921623
181,2019111701005745,NICA,40,54,500,416,208000.00,2019-11-17 19:08:20.921623
182,2019111701005746,NICA,49,54,200,416,83200.00,2019-11-17 19:08:20.921623
183,2019111701005747,NICA,36,54,1000,416,416000.00,2019-11-17 19:08:20.921623
184,2019111701005748,NICA,22,54,40,416,16640.00,2019-11-17 19:08:20.921623
185,2019111701005749,NICA,10,54,175,416,72800.00,2019-11-17 19:08:20.921623
186,2019111701005750,NUBL,38,6,20,896,17920.00,2019-11-17 19:08:20.921623
187,2019111701005751,SABSL,6,7,100,560,56000.00,2019-11-17 19:08:20.921623
188,2019111701005752,NICA,10,16,325,416,135200.00,2019-11-17 19:08:20.921623
189,2019111701005753,NICA,50,16,65,416,27040.00,2019-11-17 19:08:20.921623
190,2019111701005754,UPPER,11,40,50,227,11350.00,2019-11-17 19:08:20.921623
191,2019111701005755,NUBL,38,6,40,896,35840.00,2019-11-17 19:08:20.921623
192,2019111701005756,MBL,6,25,15,224,3360.00,2019-11-17 19:08:20.921623
193,2019111701005757,MBL,22,25,404,224,90496.00,2019-11-17 19:08:20.921623
194,2019111701005758,OHL,1,44,50,415,20750.00,2019-11-17 19:08:20.921623
195,2019111701005759,OHL,19,44,200,415,83000.00,2019-11-17 19:08:20.921623
196,2019111701005760,SABSL,6,58,60,560,33600.00,2019-11-17 19:08:20.921623
197,2019111701005761,EDBL,21,10,43,274,11782.00,2019-11-17 19:08:20.921623
198,2019111701005762,SICL,51,52,100,736,73600.00,2019-11-17 19:08:20.921623
199,2019111701005763,KBL,8,41,100,178,17800.00,2019-11-17 19:08:20.921623
200,2019111701005764,NCCB,58,28,173,200,34600.00,2019-11-17 19:08:20.921623
201,2019111701005765,NUBL,38,6,35,896,31360.00,2019-11-17 19:08:20.921623
202,2019111701005766,MEGA,1,45,60,185,11100.00,2019-11-17 19:08:20.921623
203,2019111701005767,ALICL,49,56,59,315,18585.00,2019-11-17 19:08:20.921623
204,2019111701005768,ALICL,28,56,62,315,19530.00,2019-11-17 19:08:20.921623
205,2019111701005769,CHCL,56,25,80,355,28400.00,2019-11-17 19:08:20.921623
206,2019111701005770,CHCL,42,25,50,355,17750.00,2019-11-17 19:08:20.921623
207,2019111701005771,CHCL,21,25,200,355,71000.00,2019-11-17 19:08:20.921623
208,2019111701005772,CHCL,54,25,30,355,10650.00,2019-11-17 19:08:20.921623
209,2019111701005773,CHCL,49,25,364,355,129220.00,2019-11-17 19:08:20.921623
210,2019111701005683,PCBL,11,32,15,269,4035.00,2019-11-17 19:08:20.921623
211,2019111701005684,PCBL,51,32,30,268,8040.00,2019-11-17 19:08:20.921623
212,2019111701005685,PCBL,17,32,100,267,26700.00,2019-11-17 19:08:20.921623
213,2019111701005686,PCBL,14,32,50,267,13350.00,2019-11-17 19:08:20.921623
214,2019111701005687,PCBL,1,32,195,267,52065.00,2019-11-17 19:08:20.921623
215,2019111701005688,CCBL,37,17,1000,162,162000.00,2019-11-17 19:08:20.921623
216,2019111701005689,NUBL,38,19,25,891,22275.00,2019-11-17 19:08:20.921623
217,2019111701005690,SDESI,44,29,20,637,12740.00,2019-11-17 19:08:20.921623
218,2019111701005691,SDESI,44,14,50,638,31900.00,2019-11-17 19:08:20.921623
219,2019111701005692,SDESI,44,52,23,639,14697.00,2019-11-17 19:08:20.921623
220,2019111701005693,SHL,4,22,100,203,20300.00,2019-11-17 19:08:20.921623
221,2019111701005694,AHPC,55,48,519,94,48786.00,2019-11-17 19:08:20.921623
222,2019111701005695,BOKL,22,50,337,221,74477.00,2019-11-17 19:08:20.921623
223,2019111701005696,BOKL,22,11,163,221,36023.00,2019-11-17 19:08:20.921623
224,2019111701005697,CCBL,52,40,10,161,1610.00,2019-11-17 19:08:20.921623
225,2019111701005698,SJCL,22,21,20,161,3220.00,2019-11-17 19:08:20.921623
226,2019111701005699,NUBL,38,19,70,891,62370.00,2019-11-17 19:08:20.921623
227,2019111701005700,CZBIL,6,38,500,186,93000.00,2019-11-17 19:08:20.921623
228,2019111701005701,CZBIL,6,16,153,186,28458.00,2019-11-17 19:08:20.921623
229,2019111701005702,JSLBB,41,7,100,1102,110200.00,2019-11-17 19:08:20.921623
230,2019111701005703,JSLBB,51,7,14,1101,15414.00,2019-11-17 19:08:20.921623
231,2019111701005704,KBL,11,22,56,178,9968.00,2019-11-17 19:08:20.921623
232,2019111701005705,KBL,8,22,444,178,79032.00,2019-11-17 19:08:20.921623
233,2019111701005706,SJCL,22,56,20,161,3220.00,2019-11-17 19:08:20.921623
234,2019111701005707,FOWAD,19,52,15,1315,19725.00,2019-11-17 19:08:20.921623
235,2019111701005708,NIB,44,6,365,423,154395.00,2019-11-17 19:08:20.921623
236,2019111701005709,NIB,28,6,25,423,10575.00,2019-11-17 19:08:20.921623
237,2019111701005710,NIB,22,6,10,423,4230.00,2019-11-17 19:08:20.921623
238,2019111701005711,NIB,42,6,85,423,35955.00,2019-11-17 19:08:20.921623
239,2019111701005712,NUBL,38,19,15,891,13365.00,2019-11-17 19:08:20.921623
240,2019111701005713,LBL,57,21,64,218,13952.00,2019-11-17 19:08:20.921623
241,2019111701005714,UFL,49,33,79,175,13825.00,2019-11-17 19:08:20.921623
242,2019111701005715,MERO,39,42,11,418,4598.00,2019-11-17 19:08:20.921623
243,2019111701005716,RSDC,34,35,89,296,26344.00,2019-11-17 19:08:20.921623
244,2019111701005717,RSDC,49,35,50,296,14800.00,2019-11-17 19:08:20.921623
245,2019111701005718,SMFBS,6,57,10,788,7880.00,2019-11-17 19:08:20.921623
246,2019111701005719,KBL,8,22,300,178,53400.00,2019-11-17 19:08:20.921623
247,2019111701005720,NUBL,38,19,20,891,17820.00,2019-11-17 19:08:20.921623
248,2019111701005721,SPDL,29,16,15,76,1140.00,2019-11-17 19:08:20.921623
249,2019111701005722,SPDL,29,7,126,77,9702.00,2019-11-17 19:08:20.921623
250,2019111701005723,PRVU,4,19,500,227,113500.00,2019-11-17 19:08:20.921623
251,2019111701005724,NABIL,22,25,110,752,82720.00,2019-11-17 19:08:20.921623
252,2019111701005725,EIC,8,16,100,214,21400.00,2019-11-17 19:08:20.921623
253,2019111701005726,EIC,40,16,20,214,4280.00,2019-11-17 19:08:20.921623
254,2019111701005727,KRBL,8,59,194,102,19788.00,2019-11-17 19:08:20.921623
255,2019111701005728,PRVU,4,33,216,227,49032.00,2019-11-17 19:08:20.921623
256,2019111701005729,NIB,42,34,15,423,6345.00,2019-11-17 19:08:20.921623
257,2019111701005730,NIB,51,34,85,422,35870.00,2019-11-17 19:08:20.921623
258,2019111701005653,MFIL,49,28,52,125,6500.00,2019-11-17 19:08:20.921623
259,2019111701005654,CBL,6,6,815,138,112470.00,2019-11-17 19:08:20.921623
260,2019111701005655,CBL,21,6,260,138,35880.00,2019-11-17 19:08:20.921623
261,2019111701005656,CBL,22,6,60,138,8280.00,2019-11-17 19:08:20.921623
262,2019111701005657,CBL,58,6,452,138,62376.00,2019-11-17 19:08:20.921623
263,2019111701005658,SABSL,6,41,10,560,5600.00,2019-11-17 19:08:20.921623
264,2019111701005659,SBL,4,6,824,287,236488.00,2019-11-17 19:08:20.921623
265,2019111701005660,PCBL,34,25,135,270,36450.00,2019-11-17 19:08:20.921623
266,2019111701005661,PCBL,34,41,295,270,79650.00,2019-11-17 19:08:20.921623
267,2019111701005662,PCBL,34,58,77,270,20790.00,2019-11-17 19:08:20.921623
268,2019111701005663,PIC,7,32,20,352,7040.00,2019-11-17 19:08:20.921623
269,2019111701005664,SJCL,22,36,20,161,3220.00,2019-11-17 19:08:20.921623
270,2019111701005665,ALICL,49,19,300,315,94500.00,2019-11-17 19:08:20.921623
271,2019111701005666,HIDCL,43,46,50,131,6550.00,2019-11-17 19:08:20.921623
272,2019111701005667,CCBL,35,17,1000,162,162000.00,2019-11-17 19:08:20.921623
273,2019111701005668,SICL,51,22,234,736,172224.00,2019-11-17 19:08:20.921623
274,2019111701005669,MHNL,40,28,30,79,2370.00,2019-11-17 19:08:20.921623
275,2019111701005670,GMFBS,25,57,17,510,8670.00,2019-11-17 19:08:20.921623
276,2019111701005671,MFIL,49,32,500,125,62500.00,2019-11-17 19:08:20.921623
277,2019111701005672,FOWAD,53,7,100,1313,131300.00,2019-11-17 19:08:20.921623
278,2019111701005673,SKBBL,41,50,20,933,18660.00,2019-11-17 19:08:20.921623
279,2019111701005674,SKBBL,25,50,401,931,373331.00,2019-11-17 19:08:20.921623
280,2019111701005675,SANIMA,22,38,100,305,30500.00,2019-11-17 19:08:20.921623
281,2019111701005676,NBL,40,28,150,318,47700.00,2019-11-17 19:08:20.921623
282,2019111701005677,NBL,50,28,15,318,4770.00,2019-11-17 19:08:20.921623
283,2019111701005678,RBCLPO,33,8,10,7300,73000.00,2019-11-17 19:08:20.921623
284,2019111701005679,CZBIL,56,38,200,186,37200.00,2019-11-17 19:08:20.921623
285,2019111701005680,SJCL,22,21,20,161,3220.00,2019-11-17 19:08:20.921623
286,2019111701005681,KBL,11,57,25,179,4475.00,2019-11-17 19:08:20.921623
287,2019111701005682,RHPL,33,56,40,166,6640.00,2019-11-17 19:08:20.921623
288,2019111701005630,LBBL,37,28,50,171,8550.00,2019-11-17 19:08:20.921623
289,2019111701005631,UPCL,1,5,50,74,3700.00,2019-11-17 19:08:20.921623
290,2019111701005632,LBL,57,28,21,218,4578.00,2019-11-17 19:08:20.921623
291,2019111701005633,MBL,6,32,33,224,7392.00,2019-11-17 19:08:20.921623
292,2019111701005634,CCBL,11,17,25,162,4050.00,2019-11-17 19:08:20.921623
293,2019111701005635,NICA,22,51,20,416,8320.00,2019-11-17 19:08:20.921623
294,2019111701005636,RBCLPO,59,8,11,7310,80410.00,2019-11-17 19:08:20.921623
295,2019111701005637,ALICL,8,58,221,316,69836.00,2019-11-17 19:08:20.921623
296,2019111701005638,ALICL,51,58,1000,316,316000.00,2019-11-17 19:08:20.921623
297,2019111701005639,NBL,40,7,500,318,159000.00,2019-11-17 19:08:20.921623
298,2019111701005640,SIC,4,32,19,446,8474.00,2019-11-17 19:08:20.921623
299,2019111701005641,NBB,56,42,100,206,20600.00,2019-11-17 19:08:20.921623
300,2019111701005642,PRVU,38,1,1000,228,228000.00,2019-11-17 19:08:20.921623
301,2019111701005643,MBL,6,28,20,224,4480.00,2019-11-17 19:08:20.921623
302,2019111701005644,ILBS,58,55,50,466,23300.00,2019-11-17 19:08:20.921623
303,2019111701005645,ILBS,58,51,50,468,23400.00,2019-11-17 19:08:20.921623
304,2019111701005646,RBCLPO,33,45,10,7300,73000.00,2019-11-17 19:08:20.921623
305,2019111701005647,SRBL,4,37,1000,211,211000.00,2019-11-17 19:08:20.921623
306,2019111701005648,SRBL,4,42,458,211,96638.00,2019-11-17 19:08:20.921623
307,2019111701005649,API,25,51,20,104,2080.00,2019-11-17 19:08:20.921623
308,2019111701005650,NICA,22,25,500,416,208000.00,2019-11-17 19:08:20.921623
309,2019111701005651,NCCB,32,1,90,201,18090.00,2019-11-17 19:08:20.921623
310,2019111701005652,GGBSL,1,25,10,434,4340.00,2019-11-17 19:08:20.921623
311,2019111701005590,OHL,18,44,50,413,20650.00,2019-11-17 19:08:20.921623
312,2019111701005591,OHL,48,44,1000,412,412000.00,2019-11-17 19:08:20.921623
313,2019111701005592,OHL,58,44,20,412,8240.00,2019-11-17 19:08:20.921623
314,2019111701005593,SJCL,22,26,10,161,1610.00,2019-11-17 19:08:20.921623
315,2019111701005594,PCBL,14,58,450,268,120600.00,2019-11-17 19:08:20.921623
316,2019111701005595,PCBL,50,58,333,268,89244.00,2019-11-17 19:08:20.921623
317,2019111701005596,PCBL,8,58,544,268,145792.00,2019-11-17 19:08:20.921623
318,2019111701005597,RHPL,33,29,10,166,1660.00,2019-11-17 19:08:20.921623
319,2019111701005598,KBL,11,28,24,178,4272.00,2019-11-17 19:08:20.921623
320,2019111701005599,SBI,58,28,1000,391,391000.00,2019-11-17 19:08:20.921623
321,2019111701005600,NBL,40,7,350,318,111300.00,2019-11-17 19:08:20.921623
322,2019111701005601,CBBL,58,36,10,979,9790.00,2019-11-17 19:08:20.921623
323,2019111701005602,SJCL,22,5,20,161,3220.00,2019-11-17 19:08:20.921623
324,2019111701005603,NMB,48,42,34,384,13056.00,2019-11-17 19:08:20.921623
325,2019111701005604,SJCL,22,26,10,161,1610.00,2019-11-17 19:08:20.921623
326,2019111701005605,KKHC,14,28,20,50,1000.00,2019-11-17 19:08:20.921623
327,2019111701005606,NLIC,6,6,5,787,3935.00,2019-11-17 19:08:20.921623
328,2019111701005607,CZBIL,7,38,100,186,18600.00,2019-11-17 19:08:20.921623
329,2019111701005608,PIC,7,6,12,352,4224.00,2019-11-17 19:08:20.921623
330,2019111701005609,NIB,44,34,28,423,11844.00,2019-11-17 19:08:20.921623
331,2019111701005610,NIB,44,34,135,423,57105.00,2019-11-17 19:08:20.921623
332,2019111701005611,SLBBL,37,37,346,597,206562.00,2019-11-17 19:08:20.921623
333,2019111701005612,CHCL,56,53,49,355,17395.00,2019-11-17 19:08:20.921623
334,2019111701005613,SHPC,55,53,190,187,35530.00,2019-11-17 19:08:20.921623
335,2019111701005614,SHPC,55,42,398,188,74824.00,2019-11-17 19:08:20.921623
336,2019111701005615,SHPC,55,42,165,189,31185.00,2019-11-17 19:08:20.921623
337,2019111701005616,SHPC,55,40,1375,190,261250.00,2019-11-17 19:08:20.921623
338,2019111701005617,SHPC,55,57,39,190,7410.00,2019-11-17 19:08:20.921623
339,2019111701005618,KRBL,41,28,50,100,5000.00,2019-11-17 19:08:20.921623
340,2019111701005619,NMB,48,33,96,384,36864.00,2019-11-17 19:08:20.921623
341,2019111701005620,NMB,53,33,176,384,67584.00,2019-11-17 19:08:20.921623
342,2019111701005621,UPPER,55,14,353,228,80484.00,2019-11-17 19:08:20.921623
343,2019111701005622,AKPL,25,6,20,125,2500.00,2019-11-17 19:08:20.921623
344,2019111701005623,CCBL,5,17,600,162,97200.00,2019-11-17 19:08:20.921623
345,2019111701005624,ILBS,1,38,10,467,4670.00,2019-11-17 19:08:20.921623
346,2019111701005625,ILBS,1,37,100,467,46700.00,2019-11-17 19:08:20.921623
347,2019111701005626,EBL,43,16,35,555,19425.00,2019-11-17 19:08:20.921623
348,2019111701005627,PCBL,8,37,456,268,122208.00,2019-11-17 19:08:20.921623
349,2019111701005628,PCBL,51,37,170,268,45560.00,2019-11-17 19:08:20.921623
350,2019111701005629,SAPDBL,22,16,70,119,8330.00,2019-11-17 19:08:20.921623
351,2019111701005556,CHCL,40,53,51,356,18156.00,2019-11-17 19:08:20.921623
352,2019111701005557,CHCL,56,53,47,355,16685.00,2019-11-17 19:08:20.921623
353,2019111701005558,GBBL,8,37,300,224,67200.00,2019-11-17 19:08:20.921623
354,2019111701005559,GMFBS,25,33,43,507,21801.00,2019-11-17 19:08:20.921623
355,2019111701005560,GMFBS,25,19,10,510,5100.00,2019-11-17 19:08:20.921623
356,2019111701005561,GMFBS,25,19,30,510,15300.00,2019-11-17 19:08:20.921623
357,2019111701005562,HURJA,39,28,20,99,1980.00,2019-11-17 19:08:20.921623
358,2019111701005563,SABSL,36,26,10,561,5610.00,2019-11-17 19:08:20.921623
359,2019111701005564,GBLBS,42,19,49,300,14700.00,2019-11-17 19:08:20.921623
360,2019111701005565,GBLBS,29,19,250,300,75000.00,2019-11-17 19:08:20.921623
361,2019111701005566,NMB,45,43,300,384,115200.00,2019-11-17 19:08:20.921623
362,2019111701005567,NMB,48,43,200,384,76800.00,2019-11-17 19:08:20.921623
363,2019111701005568,NUBL,43,50,200,885,177000.00,2019-11-17 19:08:20.921623
364,2019111701005569,RHPL,33,26,30,166,4980.00,2019-11-17 19:08:20.921623
365,2019111701005570,PRVU,17,17,51,228,11628.00,2019-11-17 19:08:20.921623
366,2019111701005571,JBBL,47,28,104,158,16432.00,2019-11-17 19:08:20.921623
367,2019111701005572,HDL,48,19,30,1771,53130.00,2019-11-17 19:08:20.921623
368,2019111701005573,HDL,52,19,100,1770,177000.00,2019-11-17 19:08:20.921623
369,2019111701005574,HIDCL,6,6,61,130,7930.00,2019-11-17 19:08:20.921623
370,2019111701005575,SDESI,45,53,23,635,14605.00,2019-11-17 19:08:20.921623
371,2019111701005576,MHNL,49,59,130,80,10400.00,2019-11-17 19:08:20.921623
372,2019111701005577,SJCL,22,26,30,161,4830.00,2019-11-17 19:08:20.921623
373,2019111701005578,BOKL,56,21,380,220,83600.00,2019-11-17 19:08:20.921623
374,2019111701005579,SRBL,6,49,438,210,91980.00,2019-11-17 19:08:20.921623
375,2019111701005580,NLIC,57,42,100,790,79000.00,2019-11-17 19:08:20.921623
376,2019111701005581,SJCL,22,29,10,161,1610.00,2019-11-17 19:08:20.921623
377,2019111701005582,JOSHI,17,28,20,53,1060.00,2019-11-17 19:08:20.921623
378,2019111701005583,SPARS,11,26,10,520,5200.00,2019-11-17 19:08:20.921623
379,2019111701005584,SABSL,36,42,90,561,50490.00,2019-11-17 19:08:20.921623
380,2019111701005585,SABSL,36,42,100,561,56100.00,2019-11-17 19:08:20.921623
381,2019111701005586,SABSL,28,42,90,560,50400.00,2019-11-17 19:08:20.921623
382,2019111701005587,SABSL,6,42,20,560,11200.00,2019-11-17 19:08:20.921623
383,2019111701005588,EBL,34,48,15,552,8280.00,2019-11-17 19:08:20.921623
384,2019111701005589,EBL,5,48,118,552,65136.00,2019-11-17 19:08:20.921623
385,2019111701005520,NBL,58,43,1153,318,366654.00,2019-11-17 19:08:20.921623
386,2019111701005521,SWBBL,38,4,28,933,26124.00,2019-11-17 19:08:20.921623
387,2019111701005522,SWBBL,43,4,400,933,373200.00,2019-11-17 19:08:20.921623
388,2019111701005523,GMFBS,33,7,50,505,25250.00,2019-11-17 19:08:20.921623
389,2019111701005524,NABIL,5,42,10,755,7550.00,2019-11-17 19:08:20.921623
390,2019111701005525,RHPL,28,26,30,167,5010.00,2019-11-17 19:08:20.921623
391,2019111701005526,MNBBL,55,57,24,317,7608.00,2019-11-17 19:08:20.921623
392,2019111701005527,MNBBL,29,57,59,317,18703.00,2019-11-17 19:08:20.921623
393,2019111701005528,SWBBL,38,4,45,933,41985.00,2019-11-17 19:08:20.921623
394,2019111701005529,SHIVM,38,48,10,433,4330.00,2019-11-17 19:08:20.921623
395,2019111701005530,NBL,42,43,100,318,31800.00,2019-11-17 19:08:20.921623
396,2019111701005531,NICA,22,19,500,416,208000.00,2019-11-17 19:08:20.921623
397,2019111701005532,SJCL,5,26,20,160,3200.00,2019-11-17 19:08:20.921623
398,2019111701005533,AKBSL,40,1,20,432,8640.00,2019-11-17 19:08:20.921623
399,2019111701005534,NMB,48,50,381,385,146685.00,2019-11-17 19:08:20.921623
400,2019111701005535,NMB,48,51,68,385,26180.00,2019-11-17 19:08:20.921623
401,2019111701005536,NMB,48,32,365,385,140525.00,2019-11-17 19:08:20.921623
402,2019111701005537,GRDBL,37,28,100,101,10100.00,2019-11-17 19:08:20.921623
403,2019111701005538,GRDBL,17,28,190,101,19190.00,2019-11-17 19:08:20.921623
404,2019111701005539,SJCL,17,17,20,161,3220.00,2019-11-17 19:08:20.921623
405,2019111701005540,PRVU,55,51,65,228,14820.00,2019-11-17 19:08:20.921623
406,2019111701005541,PRVU,55,16,100,228,22800.00,2019-11-17 19:08:20.921623
407,2019111701005542,PRVU,55,32,1000,228,228000.00,2019-11-17 19:08:20.921623
408,2019111701005543,SWBBL,38,4,86,933,80238.00,2019-11-17 19:08:20.921623
409,2019111701005544,SWBBL,38,26,100,934,93400.00,2019-11-17 19:08:20.921623
410,2019111701005545,UFL,17,33,100,176,17600.00,2019-11-17 19:08:20.921623
411,2019111701005546,RHPL,33,26,40,166,6640.00,2019-11-17 19:08:20.921623
412,2019111701005547,PIC,7,48,11,352,3872.00,2019-11-17 19:08:20.921623
413,2019111701005548,NMFBS,37,53,15,1702,25530.00,2019-11-17 19:08:20.921623
414,2019111701005549,FOWAD,55,53,10,1315,13150.00,2019-11-17 19:08:20.921623
415,2019111701005550,GUFL,44,28,50,110,5500.00,2019-11-17 19:08:20.921623
416,2019111701005551,NBL,45,43,300,318,95400.00,2019-11-17 19:08:20.921623
417,2019111701005552,SJCL,22,26,20,161,3220.00,2019-11-17 19:08:20.921623
418,2019111701005553,NBL,34,43,1447,318,460146.00,2019-11-17 19:08:20.921623
419,2019111701005554,PLIC,32,19,50,310,15500.00,2019-11-17 19:08:20.921623
420,2019111701005555,PLIC,57,19,82,309,25338.00,2019-11-17 19:08:20.921623
421,2019111701005478,SCB,42,57,400,550,220000.00,2019-11-17 19:08:20.921623
422,2019111701005479,SICL,49,35,22,737,16214.00,2019-11-17 19:08:20.921623
423,2019111701005480,SICL,52,35,10,736,7360.00,2019-11-17 19:08:20.921623
424,2019111701005481,SICL,51,35,68,736,50048.00,2019-11-17 19:08:20.921623
425,2019111701005482,CFCL,49,53,86,110,9460.00,2019-11-17 19:08:20.921623
426,2019111701005483,SWBBL,38,4,15,933,13995.00,2019-11-17 19:08:20.921623
427,2019111701005484,NMB,34,51,15,385,5775.00,2019-11-17 19:08:20.921623
428,2019111701005485,SJCL,5,34,100,160,16000.00,2019-11-17 19:08:20.921623
429,2019111701005486,CZBIL,49,38,200,186,37200.00,2019-11-17 19:08:20.921623
430,2019111701005487,SJCL,57,35,1000,161,161000.00,2019-11-17 19:08:20.921623
431,2019111701005488,NUBL,49,5,10,887,8870.00,2019-11-17 19:08:20.921623
432,2019111701005489,NUBL,52,5,50,886,44300.00,2019-11-17 19:08:20.921623
433,2019111701005490,NUBL,43,5,140,885,123900.00,2019-11-17 19:08:20.921623
434,2019111701005491,GFCL,57,28,50,131,6550.00,2019-11-17 19:08:20.921623
435,2019111701005492,RADHI,6,11,11,145,1595.00,2019-11-17 19:08:20.921623
436,2019111701005493,SWBBL,38,4,17,933,15861.00,2019-11-17 19:08:20.921623
437,2019111701005494,NHPC,52,32,380,51,19380.00,2019-11-17 19:08:20.921623
438,2019111701005495,NHPC,34,32,1000,51,51000.00,2019-11-17 19:08:20.921623
439,2019111701005496,NHPC,36,32,505,51,25755.00,2019-11-17 19:08:20.921623
440,2019111701005497,NHPC,54,32,100,51,5100.00,2019-11-17 19:08:20.921623
441,2019111701005498,NHPC,52,32,70,51,3570.00,2019-11-17 19:08:20.921623
442,2019111701005499,FOWAD,55,53,20,1315,26300.00,2019-11-17 19:08:20.921623
443,2019111701005500,RHPL,28,26,40,167,6680.00,2019-11-17 19:08:20.921623
444,2019111701005501,SHIVM,19,48,50,433,21650.00,2019-11-17 19:08:20.921623
445,2019111701005502,GBBL,57,8,308,223,68684.00,2019-11-17 19:08:20.921623
446,2019111701005503,NMFBS,37,53,15,1702,25530.00,2019-11-17 19:08:20.921623
447,2019111701005504,SJCL,5,26,20,160,3200.00,2019-11-17 19:08:20.921623
448,2019111701005505,UPPER,36,14,30,228,6840.00,2019-11-17 19:08:20.921623
449,2019111701005506,SLBBL,50,42,100,598,59800.00,2019-11-17 19:08:20.921623
450,2019111701005507,GMFBS,21,7,100,506,50600.00,2019-11-17 19:08:20.921623
451,2019111701005508,RHPC,42,48,1000,74,74000.00,2019-11-17 19:08:20.921623
452,2019111701005509,NBL,58,5,847,318,269346.00,2019-11-17 19:08:20.921623
453,2019111701005510,NBL,58,42,200,318,63600.00,2019-11-17 19:08:20.921623
454,2019111701005511,NBL,58,25,800,318,254400.00,2019-11-17 19:08:20.921623
455,2019111701005512,SANIMA,22,25,100,305,30500.00,2019-11-17 19:08:20.921623
456,2019111701005513,GLBSL,37,50,10,402,4020.00,2019-11-17 19:08:20.921623
457,2019111701005514,GLBSL,16,50,50,401,20050.00,2019-11-17 19:08:20.921623
458,2019111701005515,GLBSL,34,50,100,401,40100.00,2019-11-17 19:08:20.921623
459,2019111701005516,GLBSL,58,50,140,400,56000.00,2019-11-17 19:08:20.921623
460,2019111701005517,GMFIL,1,28,20,114,2280.00,2019-11-17 19:08:20.921623
461,2019111701005518,GMFIL,42,28,30,114,3420.00,2019-11-17 19:08:20.921623
462,2019111701005519,AKBSL,40,40,10,432,4320.00,2019-11-17 19:08:20.921623
463,2019111701005432,BPCL,1,57,72,350,25200.00,2019-11-17 19:08:20.921623
464,2019111701005433,CBL,29,35,42,138,5796.00,2019-11-17 19:08:20.921623
465,2019111701005434,CBL,58,35,100,138,13800.00,2019-11-17 19:08:20.921623
466,2019111701005435,CBL,38,35,110,138,15180.00,2019-11-17 19:08:20.921623
467,2019111701005436,CBL,6,35,185,138,25530.00,2019-11-17 19:08:20.921623
468,2019111701005437,HGI,37,16,100,251,25100.00,2019-11-17 19:08:20.921623
469,2019111701005438,NUBL,44,19,50,891,44550.00,2019-11-17 19:08:20.921623
470,2019111701005439,SJCL,5,26,20,160,3200.00,2019-11-17 19:08:20.921623
471,2019111701005440,SWBBL,38,4,25,933,23325.00,2019-11-17 19:08:20.921623
472,2019111701005441,FOWAD,21,53,11,1315,14465.00,2019-11-17 19:08:20.921623
473,2019111701005442,KSBBL,38,37,84,135,11340.00,2019-11-17 19:08:20.921623
474,2019111701005443,KSBBL,40,37,500,135,67500.00,2019-11-17 19:08:20.921623
475,2019111701005444,KSBBL,47,37,200,135,27000.00,2019-11-17 19:08:20.921623
476,2019111701005445,KSBBL,1,37,500,135,67500.00,2019-11-17 19:08:20.921623
477,2019111701005446,KSBBL,59,37,300,135,40500.00,2019-11-17 19:08:20.921623
478,2019111701005447,KSBBL,43,37,200,135,27000.00,2019-11-17 19:08:20.921623
479,2019111701005448,KSBBL,40,37,500,135,67500.00,2019-11-17 19:08:20.921623
480,2019111701005449,KSBBL,22,37,220,135,29700.00,2019-11-17 19:08:20.921623
481,2019111701005450,ALBSL,36,43,40,405,16200.00,2019-11-17 19:08:20.921623
482,2019111701005451,SWBBL,38,4,22,933,20526.00,2019-11-17 19:08:20.921623
483,2019111701005452,NBL,45,16,100,318,31800.00,2019-11-17 19:08:20.921623
484,2019111701005453,NBL,45,16,147,318,46746.00,2019-11-17 19:08:20.921623
485,2019111701005454,UPPER,36,58,50,227,11350.00,2019-11-17 19:08:20.921623
486,2019111701005455,ILBS,58,26,10,462,4620.00,2019-11-17 19:08:20.921623
487,2019111701005456,DHPL,42,28,11,50,550.00,2019-11-17 19:08:20.921623
488,2019111701005457,SWBBL,38,4,125,933,116625.00,2019-11-17 19:08:20.921623
489,2019111701005458,LBL,32,25,12,218,2616.00,2019-11-17 19:08:20.921623
490,2019111701005459,LBL,32,16,1174,218,255932.00,2019-11-17 19:08:20.921623
491,2019111701005460,UPPER,36,17,40,228,9120.00,2019-11-17 19:08:20.921623
492,2019111701005461,UPPER,36,17,40,228,9120.00,2019-11-17 19:08:20.921623
493,2019111701005462,GGBSL,1,57,10,434,4340.00,2019-11-17 19:08:20.921623
494,2019111701005463,SAPDBL,22,42,40,119,4760.00,2019-11-17 19:08:20.921623
495,2019111701005464,SWBBL,38,4,33,933,30789.00,2019-11-17 19:08:20.921623
496,2019111701005465,UPPER,36,14,40,228,9120.00,2019-11-17 19:08:20.921623
497,2019111701005466,RHPL,28,26,30,167,5010.00,2019-11-17 19:08:20.921623
498,2019111701005467,EDBL,58,28,60,269,16140.00,2019-11-17 19:08:20.921623
499,2019111701005468,NBL,45,5,153,318,48654.00,2019-11-17 19:08:20.921623
500,2019111701005469,MEGA,55,22,30,184,5520.00,2019-11-17 19:08:20.921623
501,2019111701005470,KSBBL,40,37,200,135,27000.00,2019-11-17 19:08:20.921623
502,2019111701005471,CFCL,57,53,151,111,16761.00,2019-11-17 19:08:20.921623
503,2019111701005472,NCCB,32,41,1238,201,248838.00,2019-11-17 19:08:20.921623
504,2019111701005473,NCCB,32,45,100,201,20100.00,2019-11-17 19:08:20.921623
505,2019111701005474,NCCB,32,25,1069,201,214869.00,2019-11-17 19:08:20.921623
506,2019111701005475,SWBBL,38,4,20,933,18660.00,2019-11-17 19:08:20.921623
507,2019111701005476,SMB,49,49,10,420,4200.00,2019-11-17 19:08:20.921623
508,2019111701005477,SJCL,5,26,20,160,3200.00,2019-11-17 19:08:20.921623
509,2019111701005386,UPPER,19,50,50,227,11350.00,2019-11-17 19:08:20.921623
510,2019111701005387,NBL,25,48,200,318,63600.00,2019-11-17 19:08:20.921623
511,2019111701005388,ALBSL,46,40,20,404,8080.00,2019-11-17 19:08:20.921623
512,2019111701005389,KBL,11,22,20,178,3560.00,2019-11-17 19:08:20.921623
513,2019111701005390,GBLBS,45,25,110,302,33220.00,2019-11-17 19:08:20.921623
514,2019111701005391,GBLBS,26,25,100,301,30100.00,2019-11-17 19:08:20.921623
515,2019111701005392,GBLBS,58,25,40,301,12040.00,2019-11-17 19:08:20.921623
516,2019111701005393,GBLBS,47,25,24,300,7200.00,2019-11-17 19:08:20.921623
517,2019111701005394,GBLBS,25,25,200,300,60000.00,2019-11-17 19:08:20.921623
518,2019111701005395,GBLBS,38,25,100,300,30000.00,2019-11-17 19:08:20.921623
519,2019111701005396,GBLBS,40,25,50,300,15000.00,2019-11-17 19:08:20.921623
520,2019111701005397,GBLBS,48,25,25,300,7500.00,2019-11-17 19:08:20.921623
521,2019111701005398,GBLBS,7,25,500,300,150000.00,2019-11-17 19:08:20.921623
522,2019111701005399,GBLBS,53,25,200,300,60000.00,2019-11-17 19:08:20.921623
523,2019111701005400,GBLBS,42,25,100,300,30000.00,2019-11-17 19:08:20.921623
524,2019111701005401,GBLBS,42,25,51,300,15300.00,2019-11-17 19:08:20.921623
525,2019111701005402,GMFBS,59,33,15,508,7620.00,2019-11-17 19:08:20.921623
526,2019111701005403,GMFBS,37,33,417,507,211419.00,2019-11-17 19:08:20.921623
527,2019111701005404,SBI,52,1,81,391,31671.00,2019-11-17 19:08:20.921623
528,2019111701005405,SBI,17,1,19,391,7429.00,2019-11-17 19:08:20.921623
529,2019111701005406,RHPL,28,26,40,167,6680.00,2019-11-17 19:08:20.921623
530,2019111701005407,DBBL,34,28,140,121,16940.00,2019-11-17 19:08:20.921623
531,2019111701005408,KSBBL,36,37,90,136,12240.00,2019-11-17 19:08:20.921623
532,2019111701005409,KSBBL,42,37,100,136,13600.00,2019-11-17 19:08:20.921623
533,2019111701005410,KSBBL,38,37,216,135,29160.00,2019-11-17 19:08:20.921623
534,2019111701005411,NBB,59,42,100,207,20700.00,2019-11-17 19:08:20.921623
535,2019111701005412,RHPL,28,22,40,167,6680.00,2019-11-17 19:08:20.921623
536,2019111701005413,GBBL,57,34,316,223,70468.00,2019-11-17 19:08:20.921623
537,2019111701005414,SJCL,5,26,30,160,4800.00,2019-11-17 19:08:20.921623
538,2019111701005415,SWBBL,38,4,23,933,21459.00,2019-11-17 19:08:20.921623
539,2019111701005416,SJCL,5,22,20,160,3200.00,2019-11-17 19:08:20.921623
540,2019111701005417,SWBBL,38,4,20,933,18660.00,2019-11-17 19:08:20.921623
541,2019111701005418,FOWAD,45,53,10,1316,13160.00,2019-11-17 19:08:20.921623
542,2019111701005419,FOWAD,21,53,39,1315,51285.00,2019-11-17 19:08:20.921623
543,2019111701005420,NBL,25,48,300,318,95400.00,2019-11-17 19:08:20.921623
544,2019111701005421,NMB,55,39,65,384,24960.00,2019-11-17 19:08:20.921623
545,2019111701005422,NMB,34,39,135,384,51840.00,2019-11-17 19:08:20.921623
546,2019111701005423,NLIC,56,55,36,790,28440.00,2019-11-17 19:08:20.921623
547,2019111701005424,UPPER,51,51,72,227,16344.00,2019-11-17 19:08:20.921623
548,2019111701005425,SMB,44,40,80,421,33680.00,2019-11-17 19:08:20.921623
549,2019111701005426,SWBBL,38,4,18,933,16794.00,2019-11-17 19:08:20.921623
550,2019111701005427,PRVU,4,16,65,228,14820.00,2019-11-17 19:08:20.921623
551,2019111701005428,PRVU,4,51,2935,228,669180.00,2019-11-17 19:08:20.921623
552,2019111701005429,SRBL,6,22,20,210,4200.00,2019-11-17 19:08:20.921623
553,2019111701005430,RHPL,28,26,30,167,5010.00,2019-11-17 19:08:20.921623
554,2019111701005431,SWBBL,38,4,23,933,21459.00,2019-11-17 19:08:20.921623
555,2019111701005338,SWBBL,38,26,40,934,37360.00,2019-11-17 19:08:20.921623
556,2019111701005339,MERO,34,53,65,421,27365.00,2019-11-17 19:08:20.921623
557,2019111701005340,UPCL,58,5,50,73,3650.00,2019-11-17 19:08:20.921623
558,2019111701005341,ADBL,39,22,10,415,4150.00,2019-11-17 19:08:20.921623
559,2019111701005342,PRVU,4,22,30,227,6810.00,2019-11-17 19:08:20.921623
560,2019111701005343,NMB,6,51,15,385,5775.00,2019-11-17 19:08:20.921623
561,2019111701005344,RHPL,28,29,10,167,1670.00,2019-11-17 19:08:20.921623
562,2019111701005345,CCBL,16,28,12,161,1932.00,2019-11-17 19:08:20.921623
563,2019111701005346,CCBL,52,28,62,161,9982.00,2019-11-17 19:08:20.921623
564,2019111701005347,BOKL,56,22,20,220,4400.00,2019-11-17 19:08:20.921623
565,2019111701005348,SWBBL,38,7,100,932,93200.00,2019-11-17 19:08:20.921623
566,2019111701005349,SWBBL,38,26,198,934,184932.00,2019-11-17 19:08:20.921623
567,2019111701005350,BOKL,56,49,521,220,114620.00,2019-11-17 19:08:20.921623
568,2019111701005351,SABSL,28,42,10,560,5600.00,2019-11-17 19:08:20.921623
569,2019111701005352,CCBL,52,22,20,161,3220.00,2019-11-17 19:08:20.921623
570,2019111701005353,SLBBL,37,58,45,597,26865.00,2019-11-17 19:08:20.921623
571,2019111701005354,NBL,25,6,300,318,95400.00,2019-11-17 19:08:20.921623
572,2019111701005355,CHL,58,28,20,79,1580.00,2019-11-17 19:08:20.921623
573,2019111701005356,MERO,34,16,35,421,14735.00,2019-11-17 19:08:20.921623
574,2019111701005357,SJCL,5,58,20,160,3200.00,2019-11-17 19:08:20.921623
575,2019111701005358,HURJA,39,22,20,99,1980.00,2019-11-17 19:08:20.921623
576,2019111701005359,TMDBL,57,37,961,146,140306.00,2019-11-17 19:08:20.921623
577,2019111701005360,TMDBL,21,37,97,145,14065.00,2019-11-17 19:08:20.921623
578,2019111701005361,TMDBL,32,37,200,145,29000.00,2019-11-17 19:08:20.921623
579,2019111701005362,TMDBL,40,37,500,145,72500.00,2019-11-17 19:08:20.921623
580,2019111701005363,TMDBL,25,37,200,145,29000.00,2019-11-17 19:08:20.921623
581,2019111701005364,TMDBL,57,37,20,144,2880.00,2019-11-17 19:08:20.921623
582,2019111701005365,TMDBL,59,37,150,144,21600.00,2019-11-17 19:08:20.921623
583,2019111701005366,TMDBL,21,37,120,144,17280.00,2019-11-17 19:08:20.921623
584,2019111701005367,CCBL,32,32,4,161,644.00,2019-11-17 19:08:20.921623
585,2019111701005368,SBL,39,17,75,287,21525.00,2019-11-17 19:08:20.921623
586,2019111701005369,SBL,39,6,25,287,7175.00,2019-11-17 19:08:20.921623
587,2019111701005370,NBL,25,7,500,318,159000.00,2019-11-17 19:08:20.921623
588,2019111701005371,NUBL,32,6,35,895,31325.00,2019-11-17 19:08:20.921623
589,2019111701005372,NUBL,38,6,200,894,178800.00,2019-11-17 19:08:20.921623
590,2019111701005373,SRBL,6,19,30,210,6300.00,2019-11-17 19:08:20.921623
591,2019111701005374,MHNL,49,22,20,80,1600.00,2019-11-17 19:08:20.921623
592,2019111701005375,PCBL,54,58,17,269,4573.00,2019-11-17 19:08:20.921623
593,2019111701005376,PCBL,48,58,100,269,26900.00,2019-11-17 19:08:20.921623
594,2019111701005377,CZBIL,6,28,20,185,3700.00,2019-11-17 19:08:20.921623
595,2019111701005378,MEGA,6,8,520,184,95680.00,2019-11-17 19:08:20.921623
596,2019111701005379,MEGA,28,8,1000,184,184000.00,2019-11-17 19:08:20.921623
597,2019111701005380,MEGA,36,8,52,184,9568.00,2019-11-17 19:08:20.921623
598,2019111701005381,MEGA,41,8,20,184,3680.00,2019-11-17 19:08:20.921623
599,2019111701005382,NMB,45,49,165,384,63360.00,2019-11-17 19:08:20.921623
600,2019111701005383,NMB,55,49,35,384,13440.00,2019-11-17 19:08:20.921623
601,2019111701005384,UPPER,52,50,50,227,11350.00,2019-11-17 19:08:20.921623
602,2019111701005385,UPPER,52,50,200,227,45400.00,2019-11-17 19:08:20.921623
603,2019111701005309,RHPL,28,58,50,167,8350.00,2019-11-17 19:08:20.921623
604,2019111701005310,SABSL,59,29,10,559,5590.00,2019-11-17 19:08:20.921623
605,2019111701005311,CZBIL,34,7,392,185,72520.00,2019-11-17 19:08:20.921623
606,2019111701005312,CZBIL,41,7,27,185,4995.00,2019-11-17 19:08:20.921623
607,2019111701005313,CZBIL,45,7,100,185,18500.00,2019-11-17 19:08:20.921623
608,2019111701005314,CZBIL,59,7,50,185,9250.00,2019-11-17 19:08:20.921623
609,2019111701005315,CZBIL,35,7,50,185,9250.00,2019-11-17 19:08:20.921623
610,2019111701005316,CZBIL,6,7,381,185,70485.00,2019-11-17 19:08:20.921623
611,2019111701005317,JBBL,29,52,83,159,13197.00,2019-11-17 19:08:20.921623
612,2019111701005318,SKBBL,19,50,10,934,9340.00,2019-11-17 19:08:20.921623
613,2019111701005319,NMB,38,51,49,385,18865.00,2019-11-17 19:08:20.921623
614,2019111701005320,RHPL,28,58,30,167,5010.00,2019-11-17 19:08:20.921623
615,2019111701005321,RHPL,28,17,30,167,5010.00,2019-11-17 19:08:20.921623
616,2019111701005322,BOKL,56,28,77,220,16940.00,2019-11-17 19:08:20.921623
617,2019111701005323,BPCL,55,35,217,349,75733.00,2019-11-17 19:08:20.921623
618,2019111701005324,SCB,42,29,20,550,11000.00,2019-11-17 19:08:20.921623
619,2019111701005325,ILBS,55,57,40,463,18520.00,2019-11-17 19:08:20.921623
620,2019111701005326,ILBS,58,57,50,462,23100.00,2019-11-17 19:08:20.921623
621,2019111701005327,ILBS,37,57,50,462,23100.00,2019-11-17 19:08:20.921623
622,2019111701005328,NIBPO,52,49,100,385,38500.00,2019-11-17 19:08:20.921623
623,2019111701005329,NIBPO,44,49,211,385,81235.00,2019-11-17 19:08:20.921623
624,2019111701005330,GBBL,39,7,34,223,7582.00,2019-11-17 19:08:20.921623
625,2019111701005331,GBBL,42,7,100,223,22300.00,2019-11-17 19:08:20.921623
626,2019111701005332,GBBL,57,7,100,223,22300.00,2019-11-17 19:08:20.921623
627,2019111701005333,GBBL,57,7,166,223,37018.00,2019-11-17 19:08:20.921623
628,2019111701005334,SJCL,5,58,20,160,3200.00,2019-11-17 19:08:20.921623
629,2019111701005335,SABSL,39,29,10,561,5610.00,2019-11-17 19:08:20.921623
630,2019111701005336,SLBBL,50,58,100,598,59800.00,2019-11-17 19:08:20.921623
631,2019111701005337,CBL,29,28,132,138,18216.00,2019-11-17 19:08:20.921623
632,2019111701005284,RHPL,28,14,110,167,18370.00,2019-11-17 19:08:20.921623
633,2019111701005285,RHPL,28,17,30,167,5010.00,2019-11-17 19:08:20.921623
634,2019111701005286,OHL,18,28,20,413,8260.00,2019-11-17 19:08:20.921623
635,2019111701005287,SMFDB,29,45,124,500,62000.00,2019-11-17 19:08:20.921623
636,2019111701005288,NBL,25,42,300,318,95400.00,2019-11-17 19:08:20.921623
637,2019111701005289,NBL,45,42,150,318,47700.00,2019-11-17 19:08:20.921623
638,2019111701005290,NBL,49,42,500,318,159000.00,2019-11-17 19:08:20.921623
639,2019111701005291,NBL,58,42,50,318,15900.00,2019-11-17 19:08:20.921623
640,2019111701005292,NICA,22,59,900,416,374400.00,2019-11-17 19:08:20.921623
641,2019111701005293,RHPL,28,17,30,167,5010.00,2019-11-17 19:08:20.921623
642,2019111701005294,SMFDB,16,45,74,499,36926.00,2019-11-17 19:08:20.921623
643,2019111701005295,ADBL,1,28,14,415,5810.00,2019-11-17 19:08:20.921623
644,2019111701005296,ADBL,39,28,11,415,4565.00,2019-11-17 19:08:20.921623
645,2019111701005297,KBL,8,38,1200,178,213600.00,2019-11-17 19:08:20.921623
646,2019111701005298,SABSL,1,29,10,558,5580.00,2019-11-17 19:08:20.921623
647,2019111701005299,NIL,49,43,191,374,71434.00,2019-11-17 19:08:20.921623
648,2019111701005300,CCBL,45,8,12,161,1932.00,2019-11-17 19:08:20.921623
649,2019111701005301,CCBL,52,8,488,161,78568.00,2019-11-17 19:08:20.921623
650,2019111701005302,SJCL,5,5,20,160,3200.00,2019-11-17 19:08:20.921623
651,2019111701005303,BFC,1,28,10,92,920.00,2019-11-17 19:08:20.921623
652,2019111701005304,KRBL,41,40,12,100,1200.00,2019-11-17 19:08:20.921623
653,2019111701005305,CCBL,52,7,12,161,1932.00,2019-11-17 19:08:20.921623
654,2019111701005306,CCBL,16,7,988,161,159068.00,2019-11-17 19:08:20.921623
655,2019111701005307,NUBL,41,32,20,895,17900.00,2019-11-17 19:08:20.921623
656,2019111701005308,NUBL,32,32,65,895,58175.00,2019-11-17 19:08:20.921623
657,2019111701005252,DBBL,34,28,12,121,1452.00,2019-11-17 19:08:20.921623
658,2019111701005253,CCBL,45,17,149,162,24138.00,2019-11-17 19:08:20.921623
659,2019111701005254,SPARS,52,38,10,519,5190.00,2019-11-17 19:08:20.921623
660,2019111701005255,SLBBL,50,57,147,605,88935.00,2019-11-17 19:08:20.921623
661,2019111701005256,HIDCL,6,28,28,130,3640.00,2019-11-17 19:08:20.921623
662,2019111701005257,SABSL,1,25,10,558,5580.00,2019-11-17 19:08:20.921623
663,2019111701005258,GBBL,39,37,500,224,112000.00,2019-11-17 19:08:20.921623
664,2019111701005259,ILBS,55,59,10,463,4630.00,2019-11-17 19:08:20.921623
665,2019111701005260,NICA,50,40,19,416,7904.00,2019-11-17 19:08:20.921623
666,2019111701005261,NICA,50,17,55,416,22880.00,2019-11-17 19:08:20.921623
667,2019111701005262,NICA,22,17,45,416,18720.00,2019-11-17 19:08:20.921623
668,2019111701005263,SWBBL,38,53,200,934,186800.00,2019-11-17 19:08:20.921623
669,2019111701005264,SWBBL,38,4,250,935,233750.00,2019-11-17 19:08:20.921623
670,2019111701005265,PRVU,36,43,226,227,51302.00,2019-11-17 19:08:20.921623
671,2019111701005266,PRVU,26,43,150,227,34050.00,2019-11-17 19:08:20.921623
672,2019111701005267,PRVU,33,43,500,227,113500.00,2019-11-17 19:08:20.921623
673,2019111701005268,PRVU,57,43,100,227,22700.00,2019-11-17 19:08:20.921623
674,2019111701005269,PRVU,4,43,524,227,118948.00,2019-11-17 19:08:20.921623
675,2019111701005270,NIB,44,28,20,423,8460.00,2019-11-17 19:08:20.921623
676,2019111701005271,SLBBL,42,58,15,601,9015.00,2019-11-17 19:08:20.921623
677,2019111701005272,SMFDB,26,45,33,500,16500.00,2019-11-17 19:08:20.921623
678,2019111701005273,SMFDB,32,45,25,500,12500.00,2019-11-17 19:08:20.921623
679,2019111701005274,SMFDB,29,45,76,500,38000.00,2019-11-17 19:08:20.921623
680,2019111701005275,BPCL,45,59,44,349,15356.00,2019-11-17 19:08:20.921623
681,2019111701005276,NBL,49,5,300,318,95400.00,2019-11-17 19:08:20.921623
682,2019111701005277,NBL,25,5,700,318,222600.00,2019-11-17 19:08:20.921623
683,2019111701005278,RHPL,11,19,30,167,5010.00,2019-11-17 19:08:20.921623
684,2019111701005279,RHPL,11,14,170,167,28390.00,2019-11-17 19:08:20.921623
685,2019111701005280,LBL,32,25,1300,218,283400.00,2019-11-17 19:08:20.921623
686,2019111701005281,SWBBL,38,4,50,935,46750.00,2019-11-17 19:08:20.921623
687,2019111701005282,SPARS,52,40,10,519,5190.00,2019-11-17 19:08:20.921623
688,2019111701005283,SJCL,5,59,20,160,3200.00,2019-11-17 19:08:20.921623
689,2019111701005214,MNBBL,55,16,50,317,15850.00,2019-11-17 19:08:20.921623
690,2019111701005215,PRVU,54,51,235,228,53580.00,2019-11-17 19:08:20.921623
691,2019111701005216,SLBBL,48,39,50,604,30200.00,2019-11-17 19:08:20.921623
692,2019111701005217,GLICL,41,49,19,356,6764.00,2019-11-17 19:08:20.921623
693,2019111701005218,GLICL,49,49,81,356,28836.00,2019-11-17 19:08:20.921623
694,2019111701005219,NIB,39,38,23,423,9729.00,2019-11-17 19:08:20.921623
695,2019111701005220,NIB,11,38,50,423,21150.00,2019-11-17 19:08:20.921623
696,2019111701005221,NIB,11,38,20,423,8460.00,2019-11-17 19:08:20.921623
697,2019111701005222,NIB,22,38,20,423,8460.00,2019-11-17 19:08:20.921623
698,2019111701005223,NIB,32,38,187,423,79101.00,2019-11-17 19:08:20.921623
699,2019111701005224,NIB,32,19,24,423,10152.00,2019-11-17 19:08:20.921623
700,2019111701005225,NCCB,52,41,200,201,40200.00,2019-11-17 19:08:20.921623
701,2019111701005226,RHPL,11,14,20,167,3340.00,2019-11-17 19:08:20.921623
702,2019111701005227,SLICL,29,42,100,256,25600.00,2019-11-17 19:08:20.921623
703,2019111701005228,SLICL,29,25,66,258,17028.00,2019-11-17 19:08:20.921623
704,2019111701005229,SLICL,29,16,123,259,31857.00,2019-11-17 19:08:20.921623
705,2019111701005230,SLICL,29,59,100,259,25900.00,2019-11-17 19:08:20.921623
706,2019111701005231,SLICL,29,36,836,260,217360.00,2019-11-17 19:08:20.921623
707,2019111701005232,HPPL,58,48,10,139,1390.00,2019-11-17 19:08:20.921623
708,2019111701005233,SWBBL,38,52,31,932,28892.00,2019-11-17 19:08:20.921623
709,2019111701005234,MNBBL,55,16,26,317,8242.00,2019-11-17 19:08:20.921623
710,2019111701005235,SHPC,11,53,10,187,1870.00,2019-11-17 19:08:20.921623
711,2019111701005236,NHDL,7,4,10,97,970.00,2019-11-17 19:08:20.921623
712,2019111701005237,NHDL,56,4,190,96,18240.00,2019-11-17 19:08:20.921623
713,2019111701005238,NIB,32,49,89,423,37647.00,2019-11-17 19:08:20.921623
714,2019111701005239,NIB,34,49,130,423,54990.00,2019-11-17 19:08:20.921623
715,2019111701005240,NIB,44,49,100,423,42300.00,2019-11-17 19:08:20.921623
716,2019111701005241,NIB,44,49,100,423,42300.00,2019-11-17 19:08:20.921623
717,2019111701005242,NIB,44,49,52,423,21996.00,2019-11-17 19:08:20.921623
718,2019111701005243,SAPDBL,44,16,100,118,11800.00,2019-11-17 19:08:20.921623
719,2019111701005244,PCBL,54,58,350,269,94150.00,2019-11-17 19:08:20.921623
720,2019111701005245,SBL,22,17,25,287,7175.00,2019-11-17 19:08:20.921623
721,2019111701005246,OHL,6,44,500,415,207500.00,2019-11-17 19:08:20.921623
722,2019111701005247,KBL,6,57,35,179,6265.00,2019-11-17 19:08:20.921623
723,2019111701005248,PRVU,4,51,1765,228,402420.00,2019-11-17 19:08:20.921623
724,2019111701005249,PRVU,4,16,35,228,7980.00,2019-11-17 19:08:20.921623
725,2019111701005250,SWBBL,38,26,500,933,466500.00,2019-11-17 19:08:20.921623
726,2019111701005251,SLBBL,48,57,39,605,23595.00,2019-11-17 19:08:20.921623
727,2019111701005181,RHPL,33,38,40,166,6640.00,2019-11-17 19:08:20.921623
728,2019111701005182,TRH,17,53,10,261,2610.00,2019-11-17 19:08:20.921623
729,2019111701005183,SJCL,5,38,20,160,3200.00,2019-11-17 19:08:20.921623
730,2019111701005184,JOSHI,17,6,20,53,1060.00,2019-11-17 19:08:20.921623
731,2019111701005185,CCBL,45,57,128,162,20736.00,2019-11-17 19:08:20.921623
732,2019111701005186,CCBL,45,32,223,162,36126.00,2019-11-17 19:08:20.921623
733,2019111701005187,NMB,54,51,292,385,112420.00,2019-11-17 19:08:20.921623
734,2019111701005188,FMDBL,11,5,10,308,3080.00,2019-11-17 19:08:20.921623
735,2019111701005189,RHPL,33,38,40,166,6640.00,2019-11-17 19:08:20.921623
736,2019111701005190,UNL,17,55,10,19796,197960.00,2019-11-17 19:08:20.921623
737,2019111701005191,PRVU,36,32,500,227,113500.00,2019-11-17 19:08:20.921623
738,2019111701005192,NEF,58,25,966,7.6,7341.60,2019-11-17 19:08:20.921623
739,2019111701005193,NLIC,48,48,4,776,3104.00,2019-11-17 19:08:20.921623
740,2019111701005194,SABSL,1,38,10,558,5580.00,2019-11-17 19:08:20.921623
741,2019111701005195,API,55,16,1000,103,103000.00,2019-11-17 19:08:20.921623
742,2019111701005196,API,52,16,108,103,11124.00,2019-11-17 19:08:20.921623
743,2019111701005197,API,16,16,250,103,25750.00,2019-11-17 19:08:20.921623
744,2019111701005198,API,34,16,300,103,30900.00,2019-11-17 19:08:20.921623
745,2019111701005199,API,42,16,30,103,3090.00,2019-11-17 19:08:20.921623
746,2019111701005200,API,42,16,500,103,51500.00,2019-11-17 19:08:20.921623
747,2019111701005201,API,29,16,250,103,25750.00,2019-11-17 19:08:20.921623
748,2019111701005202,API,38,16,200,102,20400.00,2019-11-17 19:08:20.921623
749,2019111701005203,API,57,16,30,102,3060.00,2019-11-17 19:08:20.921623
750,2019111701005204,API,34,16,500,102,51000.00,2019-11-17 19:08:20.921623
751,2019111701005205,API,43,16,500,102,51000.00,2019-11-17 19:08:20.921623
752,2019111701005206,API,25,16,4500,102,459000.00,2019-11-17 19:08:20.921623
753,2019111701005207,API,25,16,3600,102,367200.00,2019-11-17 19:08:20.921623
754,2019111701005208,API,22,16,20,102,2040.00,2019-11-17 19:08:20.921623
755,2019111701005209,SJCL,11,38,20,161,3220.00,2019-11-17 19:08:20.921623
756,2019111701005210,NLIC,48,48,4,776,3104.00,2019-11-17 19:08:20.921623
757,2019111701005211,CZBIL,6,48,75,186,13950.00,2019-11-17 19:08:20.921623
758,2019111701005212,CZBIL,6,38,300,186,55800.00,2019-11-17 19:08:20.921623
759,2019111701005213,NEF,58,22,1293,7.6,9826.80,2019-11-17 19:08:20.921623
760,2019111701005162,API,57,16,200,104,20800.00,2019-11-17 19:08:20.921623
761,2019111701005163,GMFBS,37,45,10,507,5070.00,2019-11-17 19:08:20.921623
762,2019111701005164,NADEP,45,7,10,387,3870.00,2019-11-17 19:08:20.921623
763,2019111701005165,NADEP,1,7,10,387,3870.00,2019-11-17 19:08:20.921623
764,2019111701005166,ADBL,52,42,64,415,26560.00,2019-11-17 19:08:20.921623
765,2019111701005167,ADBL,1,42,36,415,14940.00,2019-11-17 19:08:20.921623
766,2019111701005168,LBL,54,16,16,218,3488.00,2019-11-17 19:08:20.921623
767,2019111701005169,LBL,54,6,100,218,21800.00,2019-11-17 19:08:20.921623
768,2019111701005170,UPCL,38,22,50,72,3600.00,2019-11-17 19:08:20.921623
769,2019111701005171,NBL,49,43,800,319,255200.00,2019-11-17 19:08:20.921623
770,2019111701005172,NBL,49,40,200,319,63800.00,2019-11-17 19:08:20.921623
771,2019111701005173,MBL,6,6,68,224,15232.00,2019-11-17 19:08:20.921623
772,2019111701005174,MBL,6,6,332,224,74368.00,2019-11-17 19:08:20.921623
773,2019111701005175,PCBL,55,58,100,269,26900.00,2019-11-17 19:08:20.921623
774,2019111701005176,CCBL,45,58,28,162,4536.00,2019-11-17 19:08:20.921623
775,2019111701005177,CCBL,45,32,1000,162,162000.00,2019-11-17 19:08:20.921623
776,2019111701005178,CCBL,45,57,972,162,157464.00,2019-11-17 19:08:20.921623
777,2019111701005179,NBB,56,58,500,206,103000.00,2019-11-17 19:08:20.921623
778,2019111701005180,LBL,54,22,50,218,10900.00,2019-11-17 19:08:20.921623
779,2019111701005144,KBL,41,52,200,178,35600.00,2019-11-17 19:08:20.921623
780,2019111701005145,JOSHI,17,6,20,53,1060.00,2019-11-17 19:08:20.921623
781,2019111701005146,NMB,7,19,465,384,178560.00,2019-11-17 19:08:20.921623
782,2019111701005147,NMB,45,19,35,384,13440.00,2019-11-17 19:08:20.921623
783,2019111701005148,NLIC,38,38,272,791,215152.00,2019-11-17 19:08:20.921623
784,2019111701005149,SJCL,39,17,10,160,1600.00,2019-11-17 19:08:20.921623
785,2019111701005150,LBBL,22,57,400,171,68400.00,2019-11-17 19:08:20.921623
786,2019111701005151,LBBL,22,35,302,171,51642.00,2019-11-17 19:08:20.921623
787,2019111701005152,PRIN,49,32,540,310,167400.00,2019-11-17 19:08:20.921623
788,2019111701005153,HBL,11,49,20,482,9640.00,2019-11-17 19:08:20.921623
789,2019111701005154,HBL,52,49,150,482,72300.00,2019-11-17 19:08:20.921623
790,2019111701005155,HBL,43,49,100,481,48100.00,2019-11-17 19:08:20.921623
791,2019111701005156,HBL,21,49,200,480,96000.00,2019-11-17 19:08:20.921623
792,2019111701005157,HBL,35,49,22,480,10560.00,2019-11-17 19:08:20.921623
793,2019111701005158,HBL,35,49,22,480,10560.00,2019-11-17 19:08:20.921623
794,2019111701005159,HBL,34,49,100,480,48000.00,2019-11-17 19:08:20.921623
795,2019111701005160,SCB,38,38,293,551,161443.00,2019-11-17 19:08:20.921623
796,2019111701005161,NBL,49,36,200,318,63600.00,2019-11-17 19:08:20.921623
797,2019111701005106,HPPL,58,56,10,139,1390.00,2019-11-17 19:08:20.921623
798,2019111701005107,RHPL,33,5,50,166,8300.00,2019-11-17 19:08:20.921623
799,2019111701005108,UFL,45,33,30,176,5280.00,2019-11-17 19:08:20.921623
800,2019111701005109,LGIL,49,16,112,315,35280.00,2019-11-17 19:08:20.921623
801,2019111701005110,API,38,16,300,104,31200.00,2019-11-17 19:08:20.921623
802,2019111701005111,SADBL,17,55,130,136,17680.00,2019-11-17 19:08:20.921623
803,2019111701005112,SADBL,11,55,70,135,9450.00,2019-11-17 19:08:20.921623
804,2019111701005113,SADBL,56,55,700,135,94500.00,2019-11-17 19:08:20.921623
805,2019111701005114,SADBL,28,55,108,135,14580.00,2019-11-17 19:08:20.921623
806,2019111701005115,SLICL,22,25,100,258,25800.00,2019-11-17 19:08:20.921623
807,2019111701005116,SABSL,41,5,30,560,16800.00,2019-11-17 19:08:20.921623
808,2019111701005117,CFCL,57,57,49,111,5439.00,2019-11-17 19:08:20.921623
809,2019111701005118,NADEP,45,7,20,387,7740.00,2019-11-17 19:08:20.921623
810,2019111701005119,NICA,48,59,100,417,41700.00,2019-11-17 19:08:20.921623
811,2019111701005120,SJCL,39,50,20,160,3200.00,2019-11-17 19:08:20.921623
812,2019111701005121,GBLBS,36,33,1110,302,335220.00,2019-11-17 19:08:20.921623
813,2019111701005122,GBLBS,45,33,390,302,117780.00,2019-11-17 19:08:20.921623
814,2019111701005123,NBB,56,16,134,206,27604.00,2019-11-17 19:08:20.921623
815,2019111701005124,NBL,1,43,200,319,63800.00,2019-11-17 19:08:20.921623
816,2019111701005125,HDL,1,48,60,1775,106500.00,2019-11-17 19:08:20.921623
817,2019111701005126,HDL,19,48,40,1774,70960.00,2019-11-17 19:08:20.921623
818,2019111701005127,HDL,10,48,22,1774,39028.00,2019-11-17 19:08:20.921623
819,2019111701005128,HDL,54,48,10,1774,17740.00,2019-11-17 19:08:20.921623
820,2019111701005129,HDL,28,48,100,1773,177300.00,2019-11-17 19:08:20.921623
821,2019111701005130,HDL,57,48,100,1773,177300.00,2019-11-17 19:08:20.921623
822,2019111701005131,HDL,22,48,100,1772,177200.00,2019-11-17 19:08:20.921623
823,2019111701005132,HDL,28,48,50,1772,88600.00,2019-11-17 19:08:20.921623
824,2019111701005133,HDL,52,48,20,1771,35420.00,2019-11-17 19:08:20.921623
825,2019111701005134,HDL,48,48,198,1771,350658.00,2019-11-17 19:08:20.921623
826,2019111701005135,SBL,22,43,165,287,47355.00,2019-11-17 19:08:20.921623
827,2019111701005136,SBL,22,22,10,287,2870.00,2019-11-17 19:08:20.921623
828,2019111701005137,SADBL,59,59,4325,137,592525.00,2019-11-17 19:08:20.921623
829,2019111701005138,NLIC,40,56,22,789,17358.00,2019-11-17 19:08:20.921623
830,2019111701005139,EBL,58,6,250,553,138250.00,2019-11-17 19:08:20.921623
831,2019111701005140,SABSL,19,7,40,561,22440.00,2019-11-17 19:08:20.921623
832,2019111701005141,SABSL,19,19,10,561,5610.00,2019-11-17 19:08:20.921623
833,2019111701005142,NBL,6,5,500,318,159000.00,2019-11-17 19:08:20.921623
834,2019111701005143,NBL,49,5,500,318,159000.00,2019-11-17 19:08:20.921623
835,2019111701005081,JSLBB,41,8,20,1122,22440.00,2019-11-17 19:08:20.921623
836,2019111701005082,JSLBB,41,47,10,1122,11220.00,2019-11-17 19:08:20.921623
837,2019111701005083,BPCL,49,57,100,350,35000.00,2019-11-17 19:08:20.921623
838,2019111701005084,BPCL,34,57,28,350,9800.00,2019-11-17 19:08:20.921623
839,2019111701005085,BPCL,51,57,40,350,14000.00,2019-11-17 19:08:20.921623
840,2019111701005086,BPCL,21,57,60,350,21000.00,2019-11-17 19:08:20.921623
841,2019111701005087,BPCL,53,57,100,350,35000.00,2019-11-17 19:08:20.921623
842,2019111701005088,BPCL,34,57,100,350,35000.00,2019-11-17 19:08:20.921623
843,2019111701005089,NMB,7,5,22,384,8448.00,2019-11-17 19:08:20.921623
844,2019111701005090,NIB,43,58,668,423,282564.00,2019-11-17 19:08:20.921623
845,2019111701005091,NIB,35,58,255,423,107865.00,2019-11-17 19:08:20.921623
846,2019111701005092,NIB,50,58,50,423,21150.00,2019-11-17 19:08:20.921623
847,2019111701005093,NIB,39,58,27,423,11421.00,2019-11-17 19:08:20.921623
848,2019111701005094,RSDC,34,56,39,296,11544.00,2019-11-17 19:08:20.921623
849,2019111701005095,SABSL,3,51,10,562,5620.00,2019-11-17 19:08:20.921623
850,2019111701005096,PRVU,4,35,300,228,68400.00,2019-11-17 19:08:20.921623
851,2019111701005097,PRVU,4,50,500,228,114000.00,2019-11-17 19:08:20.921623
852,2019111701005098,NNLB,1,3,25,456,11400.00,2019-11-17 19:08:20.921623
853,2019111701005099,MEGA,38,42,24,184,4416.00,2019-11-17 19:08:20.921623
854,2019111701005100,MEGA,6,42,480,184,88320.00,2019-11-17 19:08:20.921623
855,2019111701005101,SIC,22,42,36,450,16200.00,2019-11-17 19:08:20.921623
856,2019111701005102,SIC,22,42,14,450,6300.00,2019-11-17 19:08:20.921623
857,2019111701005103,LBL,32,52,200,218,43600.00,2019-11-17 19:08:20.921623
858,2019111701005104,LBL,32,16,300,218,65400.00,2019-11-17 19:08:20.921623
859,2019111701005105,SMFBS,40,57,20,788,15760.00,2019-11-17 19:08:20.921623
860,2019111701005048,RHPL,33,38,50,166,8300.00,2019-11-17 19:08:20.921623
861,2019111701005049,NIBPO,45,19,30,388,11640.00,2019-11-17 19:08:20.921623
862,2019111701005050,NIBPO,57,19,500,385,192500.00,2019-11-17 19:08:20.921623
863,2019111701005051,NIBPO,17,19,260,384,99840.00,2019-11-17 19:08:20.921623
864,2019111701005052,NIBPO,39,19,10,384,3840.00,2019-11-17 19:08:20.921623
865,2019111701005053,RHPL,33,50,20,166,3320.00,2019-11-17 19:08:20.921623
866,2019111701005054,NBL,58,19,600,318,190800.00,2019-11-17 19:08:20.921623
867,2019111701005055,HPPL,58,58,10,141,1410.00,2019-11-17 19:08:20.921623
868,2019111701005056,SJCL,5,38,20,160,3200.00,2019-11-17 19:08:20.921623
869,2019111701005057,SABSL,41,32,10,560,5600.00,2019-11-17 19:08:20.921623
870,2019111701005058,RHPL,33,47,40,166,6640.00,2019-11-17 19:08:20.921623
871,2019111701005059,CCBL,50,21,470,162,76140.00,2019-11-17 19:08:20.921623
872,2019111701005060,CCBL,50,58,530,162,85860.00,2019-11-17 19:08:20.921623
873,2019111701005061,MERO,48,5,10,429,4290.00,2019-11-17 19:08:20.921623
874,2019111701005062,MERO,48,25,90,429,38610.00,2019-11-17 19:08:20.921623
875,2019111701005063,UFL,40,33,100,176,17600.00,2019-11-17 19:08:20.921623
876,2019111701005064,NIL,49,19,800,374,299200.00,2019-11-17 19:08:20.921623
877,2019111701005065,SJCL,5,47,20,160,3200.00,2019-11-17 19:08:20.921623
878,2019111701005066,SHIVM,46,48,115,433,49795.00,2019-11-17 19:08:20.921623
879,2019111701005067,RBCL,11,59,70,8250,577500.00,2019-11-17 19:08:20.921623
880,2019111701005068,RBCL,41,59,20,8250,165000.00,2019-11-17 19:08:20.921623
881,2019111701005069,PRIN,49,47,140,310,43400.00,2019-11-17 19:08:20.921623
882,2019111701005070,NBL,58,40,1000,318,318000.00,2019-11-17 19:08:20.921623
883,2019111701005071,NBL,58,40,500,318,159000.00,2019-11-17 19:08:20.921623
884,2019111701005072,NBL,6,40,500,318,159000.00,2019-11-17 19:08:20.921623
885,2019111701005073,SCB,42,25,623,550,342650.00,2019-11-17 19:08:20.921623
886,2019111701005074,SABSL,41,47,10,560,5600.00,2019-11-17 19:08:20.921623
887,2019111701005075,SANIMA,22,55,407,306,124542.00,2019-11-17 19:08:20.921623
888,2019111701005076,SJCL,5,35,250,160,40000.00,2019-11-17 19:08:20.921623
889,2019111701005077,SJCL,1,35,20,160,3200.00,2019-11-17 19:08:20.921623
890,2019111701005078,SJCL,57,35,461,160,73760.00,2019-11-17 19:08:20.921623
891,2019111701005079,SJCL,52,35,1000,160,160000.00,2019-11-17 19:08:20.921623
892,2019111701005080,SJCL,39,35,369,160,59040.00,2019-11-17 19:08:20.921623
893,2019111701005022,RHPL,33,38,40,166,6640.00,2019-11-17 19:08:20.921623
894,2019111701005023,PRVU,36,51,100,227,22700.00,2019-11-17 19:08:20.921623
895,2019111701005024,NMB,40,40,427,384,163968.00,2019-11-17 19:08:20.921623
896,2019111701005025,NMB,49,40,1000,384,384000.00,2019-11-17 19:08:20.921623
897,2019111701005026,NMB,7,40,113,384,43392.00,2019-11-17 19:08:20.921623
898,2019111701005027,NICL,51,41,10,254,2540.00,2019-11-17 19:08:20.921623
899,2019111701005028,NICL,14,41,200,251,50200.00,2019-11-17 19:08:20.921623
900,2019111701005029,NICL,52,41,500,250,125000.00,2019-11-17 19:08:20.921623
901,2019111701005030,NICL,57,41,200,250,50000.00,2019-11-17 19:08:20.921623
902,2019111701005031,NICL,34,41,50,250,12500.00,2019-11-17 19:08:20.921623
903,2019111701005032,NICL,44,41,1759,249,437991.00,2019-11-17 19:08:20.921623
904,2019111701005033,NICA,22,49,1600,417,667200.00,2019-11-17 19:08:20.921623
905,2019111701005034,NICA,22,49,50,417,20850.00,2019-11-17 19:08:20.921623
906,2019111701005035,NICA,22,21,113,417,47121.00,2019-11-17 19:08:20.921623
907,2019111701005036,NICA,22,50,501,417,208917.00,2019-11-17 19:08:20.921623
908,2019111701005037,NICA,22,35,50,417,20850.00,2019-11-17 19:08:20.921623
909,2019111701005038,NMB,7,19,87,384,33408.00,2019-11-17 19:08:20.921623
910,2019111701005039,NMB,7,19,413,384,158592.00,2019-11-17 19:08:20.921623
911,2019111701005040,DBBL,34,16,889,121,107569.00,2019-11-17 19:08:20.921623
912,2019111701005041,SJCL,5,38,10,160,1600.00,2019-11-17 19:08:20.921623
913,2019111701005042,RHPL,33,38,40,166,6640.00,2019-11-17 19:08:20.921623
914,2019111701005043,SABSL,41,32,10,560,5600.00,2019-11-17 19:08:20.921623
915,2019111701005044,SABSL,17,17,10,561,5610.00,2019-11-17 19:08:20.921623
916,2019111701005045,SJCL,5,38,20,160,3200.00,2019-11-17 19:08:20.921623
917,2019111701005046,PLIC,32,4,800,310,248000.00,2019-11-17 19:08:20.921623
918,2019111701005047,SHPC,55,55,70,185,12950.00,2019-11-17 19:08:20.921623
919,2019111701005001,CCBL,58,21,30,162,4860.00,2019-11-17 19:08:20.921623
920,2019111701005002,SJCL,5,38,20,160,3200.00,2019-11-17 19:08:20.921623
921,2019111701005003,SABSL,32,44,10,560,5600.00,2019-11-17 19:08:20.921623
922,2019111701005004,MERO,17,17,1,422,422.00,2019-11-17 19:08:20.921623
923,2019111701005005,JBBL,29,46,100,159,15900.00,2019-11-17 19:08:20.921623
924,2019111701005006,PIC,6,57,23,357,8211.00,2019-11-17 19:08:20.921623
925,2019111701005007,API,55,46,500,103,51500.00,2019-11-17 19:08:20.921623
926,2019111701005008,ADBL,6,57,382,416,158912.00,2019-11-17 19:08:20.921623
927,2019111701005009,SABSL,32,44,10,560,5600.00,2019-11-17 19:08:20.921623
928,2019111701005010,NICA,28,51,27,416,11232.00,2019-11-17 19:08:20.921623
929,2019111701005011,NMB,45,33,24,385,9240.00,2019-11-17 19:08:20.921623
930,2019111701005012,NMB,45,51,51,385,19635.00,2019-11-17 19:08:20.921623
931,2019111701005013,NICA,5,49,50,417,20850.00,2019-11-17 19:08:20.921623
932,2019111701005014,NMB,52,51,10,385,3850.00,2019-11-17 19:08:20.921623
933,2019111701005015,UPPER,48,38,40,226,9040.00,2019-11-17 19:08:20.921623
934,2019111701005016,NICA,28,39,230,416,95680.00,2019-11-17 19:08:20.921623
935,2019111701005017,NICA,28,14,54,416,22464.00,2019-11-17 19:08:20.921623
936,2019111701005018,NICA,34,14,100,416,41600.00,2019-11-17 19:08:20.921623
937,2019111701005019,NICA,50,14,76,416,31616.00,2019-11-17 19:08:20.921623
938,2019111701005020,EDBL,48,47,200,274,54800.00,2019-11-17 19:08:20.921623
939,2019111701005021,EDBL,48,43,40,274,10960.00,2019-11-17 19:08:20.921623
940,2019111701004976,NLIC,56,3,34,791,26894.00,2019-11-17 19:08:20.921623
941,2019111701004977,NLIC,56,49,30,791,23730.00,2019-11-17 19:08:20.921623
942,2019111701004978,NBL,58,34,750,319,239250.00,2019-11-17 19:08:20.921623
943,2019111701004979,NMB,45,45,3,384,1152.00,2019-11-17 19:08:20.921623
944,2019111701004980,BPCL,49,7,497,350,173950.00,2019-11-17 19:08:20.921623
945,2019111701004981,UFL,45,33,300,176,52800.00,2019-11-17 19:08:20.921623
946,2019111701004982,NMB,45,45,3,384,1152.00,2019-11-17 19:08:20.921623
947,2019111701004983,NMB,45,45,3,384,1152.00,2019-11-17 19:08:20.921623
948,2019111701004984,CBL,29,6,10,138,1380.00,2019-11-17 19:08:20.921623
949,2019111701004985,SCB,39,37,170,550,93500.00,2019-11-17 19:08:20.921623
950,2019111701004986,SCB,39,25,130,550,71500.00,2019-11-17 19:08:20.921623
951,2019111701004987,NMB,45,45,3,384,1152.00,2019-11-17 19:08:20.921623
952,2019111701004988,NIB,44,36,500,424,212000.00,2019-11-17 19:08:20.921623
953,2019111701004989,RHPL,33,38,40,166,6640.00,2019-11-17 19:08:20.921623
954,2019111701004990,GBBL,45,45,4,224,896.00,2019-11-17 19:08:20.921623
955,2019111701004991,SJCL,5,38,20,160,3200.00,2019-11-17 19:08:20.921623
956,2019111701004992,EBL,40,6,123,553,68019.00,2019-11-17 19:08:20.921623
957,2019111701004993,CHCL,40,25,49,356,17444.00,2019-11-17 19:08:20.921623
958,2019111701004994,NBL,58,48,400,318,127200.00,2019-11-17 19:08:20.921623
959,2019111701004995,PCBL,54,58,50,269,13450.00,2019-11-17 19:08:20.921623
960,2019111701004996,GBBL,45,45,2,224,448.00,2019-11-17 19:08:20.921623
961,2019111701004997,SABSL,50,44,10,561,5610.00,2019-11-17 19:08:20.921623
962,2019111701004998,SHIVM,19,48,50,433,21650.00,2019-11-17 19:08:20.921623
963,2019111701004999,RHPL,33,38,40,166,6640.00,2019-11-17 19:08:20.921623
964,2019111701005000,KSBBL,45,45,1,136,136.00,2019-11-17 19:08:20.921623
965,2019111701004929,UFL,51,33,60,177,10620.00,2019-11-17 19:08:20.921623
966,2019111701004930,NBL,7,43,250,319,79750.00,2019-11-17 19:08:20.921623
967,2019111701004931,RHPL,33,38,40,166,6640.00,2019-11-17 19:08:20.921623
968,2019111701004932,PRIN,49,47,53,310,16430.00,2019-11-17 19:08:20.921623
969,2019111701004933,NBL,25,43,750,319,239250.00,2019-11-17 19:08:20.921623
970,2019111701004934,NBL,25,6,500,319,159500.00,2019-11-17 19:08:20.921623
971,2019111701004935,SJCL,5,38,20,160,3200.00,2019-11-17 19:08:20.921623
972,2019111701004936,PCBL,48,58,250,269,67250.00,2019-11-17 19:08:20.921623
973,2019111701004937,PCBL,14,58,500,269,134500.00,2019-11-17 19:08:20.921623
974,2019111701004938,PCBL,33,58,630,268,168840.00,2019-11-17 19:08:20.921623
975,2019111701004939,PCBL,14,58,50,268,13400.00,2019-11-17 19:08:20.921623
976,2019111701004940,PCBL,53,58,120,268,32160.00,2019-11-17 19:08:20.921623
977,2019111701004941,PCBL,35,58,50,268,13400.00,2019-11-17 19:08:20.921623
978,2019111701004942,PCBL,8,58,2000,268,536000.00,2019-11-17 19:08:20.921623
979,2019111701004943,PCBL,59,58,2000,268,536000.00,2019-11-17 19:08:20.921623
980,2019111701004944,PCBL,14,58,500,268,134000.00,2019-11-17 19:08:20.921623
981,2019111701004945,PCBL,14,58,200,268,53600.00,2019-11-17 19:08:20.921623
982,2019111701004946,PCBL,53,58,500,268,134000.00,2019-11-17 19:08:20.921623
983,2019111701004947,PCBL,32,58,3700,268,991600.00,2019-11-17 19:08:20.921623
984,2019111701004948,NMB,40,25,31,384,11904.00,2019-11-17 19:08:20.921623
985,2019111701004949,PIC,7,26,19,352,6688.00,2019-11-17 19:08:20.921623
986,2019111701004950,PIC,54,26,380,352,133760.00,2019-11-17 19:08:20.921623
987,2019111701004951,DBBL,48,16,1000,122,122000.00,2019-11-17 19:08:20.921623
988,2019111701004952,DBBL,36,16,1000,122,122000.00,2019-11-17 19:08:20.921623
989,2019111701004953,DBBL,32,16,103,121,12463.00,2019-11-17 19:08:20.921623
990,2019111701004954,DBBL,42,16,100,121,12100.00,2019-11-17 19:08:20.921623
991,2019111701004955,DBBL,21,16,100,121,12100.00,2019-11-17 19:08:20.921623
992,2019111701004956,DBBL,25,16,300,121,36300.00,2019-11-17 19:08:20.921623
993,2019111701004957,DBBL,45,16,1000,121,121000.00,2019-11-17 19:08:20.921623
994,2019111701004958,DBBL,58,16,100,121,12100.00,2019-11-17 19:08:20.921623
995,2019111701004959,DBBL,52,16,108,121,13068.00,2019-11-17 19:08:20.921623
996,2019111701004960,DBBL,14,16,300,121,36300.00,2019-11-17 19:08:20.921623
997,2019111701004961,NSEWA,32,50,10,387,3870.00,2019-11-17 19:08:20.921623
998,2019111701004962,NBL,25,34,250,319,79750.00,2019-11-17 19:08:20.921623
999,2019111701004963,RHPL,33,38,40,166,6640.00,2019-11-17 19:08:20.921623
1000,2019111701004964,RMDC,52,56,40,597,23880.00,2019-11-17 19:08:20.921623
1001,2019111701004965,RMDC,11,56,20,597,11940.00,2019-11-17 19:08:20.921623
1002,2019111701004966,RMDC,44,56,67,596,39932.00,2019-11-17 19:08:20.921623
1003,2019111701004967,SJCL,5,38,20,160,3200.00,2019-11-17 19:08:20.921623
1004,2019111701004968,CBBL,14,58,50,970,48500.00,2019-11-17 19:08:20.921623
1005,2019111701004969,NICA,28,6,44,416,18304.00,2019-11-17 19:08:20.921623
1006,2019111701004970,FMDBL,55,26,119,305,36295.00,2019-11-17 19:08:20.921623
1007,2019111701004971,SPARS,17,17,10,520,5200.00,2019-11-17 19:08:20.921623
1008,2019111701004972,MERO,36,40,14,429,6006.00,2019-11-17 19:08:20.921623
1009,2019111701004973,MERO,36,52,33,429,14157.00,2019-11-17 19:08:20.921623
1010,2019111701004974,MERO,36,53,33,429,14157.00,2019-11-17 19:08:20.921623
1011,2019111701004975,MERO,36,5,40,429,17160.00,2019-11-17 19:08:20.921623
1012,2019111701004910,IGI,32,6,139,285,39615.00,2019-11-17 19:08:20.921623
1013,2019111701004911,PCBL,59,58,395,270,106650.00,2019-11-17 19:08:20.921623
1014,2019111701004912,PCBL,59,11,240,270,64800.00,2019-11-17 19:08:20.921623
1015,2019111701004913,PCBL,59,25,365,270,98550.00,2019-11-17 19:08:20.921623
1016,2019111701004914,SABSL,5,51,25,562,14050.00,2019-11-17 19:08:20.921623
1017,2019111701004915,GMFBS,38,38,10,508,5080.00,2019-11-17 19:08:20.921623
1018,2019111701004916,RHPL,33,38,40,166,6640.00,2019-11-17 19:08:20.921623
1019,2019111701004917,NICA,28,33,397,416,165152.00,2019-11-17 19:08:20.921623
1020,2019111701004918,RHPL,33,37,20,166,3320.00,2019-11-17 19:08:20.921623
1021,2019111701004919,ADBL,6,41,100,416,41600.00,2019-11-17 19:08:20.921623
1022,2019111701004920,ADBL,6,40,504,416,209664.00,2019-11-17 19:08:20.921623
1023,2019111701004921,ADBL,6,40,14,416,5824.00,2019-11-17 19:08:20.921623
1024,2019111701004922,SJCL,5,38,20,160,3200.00,2019-11-17 19:08:20.921623
1025,2019111701004923,SJCL,5,37,10,160,1600.00,2019-11-17 19:08:20.921623
1026,2019111701004924,EBL,22,37,30,553,16590.00,2019-11-17 19:08:20.921623
1027,2019111701004925,EBL,40,37,927,553,512631.00,2019-11-17 19:08:20.921623
1028,2019111701004926,UPPER,48,16,34,226,7684.00,2019-11-17 19:08:20.921623
1029,2019111701004927,MLBL,59,56,242,179,43318.00,2019-11-17 19:08:20.921623
1030,2019111701004928,MLBL,38,56,117,179,20943.00,2019-11-17 19:08:20.921623
1031,2019111701004893,PIC,45,26,50,352,17600.00,2019-11-17 19:08:20.921623
1032,2019111701004894,SMFDB,34,38,50,501,25050.00,2019-11-17 19:08:20.921623
1033,2019111701004895,SMFDB,5,38,100,501,50100.00,2019-11-17 19:08:20.921623
1034,2019111701004896,SMFDB,26,38,152,500,76000.00,2019-11-17 19:08:20.921623
1035,2019111701004897,BOKL,6,16,386,220,84920.00,2019-11-17 19:08:20.921623
1036,2019111701004898,KBL,50,48,375,178,66750.00,2019-11-17 19:08:20.921623
1037,2019111701004899,PCBL,45,34,100,270,27000.00,2019-11-17 19:08:20.921623
1038,2019111701004900,PCBL,45,58,200,270,54000.00,2019-11-17 19:08:20.921623
1039,2019111701004901,NBL,25,43,1000,319,319000.00,2019-11-17 19:08:20.921623
1040,2019111701004902,CCBL,45,33,925,161,148925.00,2019-11-17 19:08:20.921623
1041,2019111701004903,UPPER,32,16,1000,226,226000.00,2019-11-17 19:08:20.921623
1042,2019111701004904,SHIVM,58,42,10,433,4330.00,2019-11-17 19:08:20.921623
1043,2019111701004905,SHIVM,47,42,100,433,43300.00,2019-11-17 19:08:20.921623
1044,2019111701004906,SANIMA,22,55,1078,306,329868.00,2019-11-17 19:08:20.921623
1045,2019111701004907,NBL,58,43,1000,319,319000.00,2019-11-17 19:08:20.921623
1046,2019111701004908,AHPC,45,33,88,94,8272.00,2019-11-17 19:08:20.921623
1047,2019111701004909,AHPC,55,33,288,94,27072.00,2019-11-17 19:08:20.921623
1048,2019111701004859,NABIL,29,21,180,752,135360.00,2019-11-17 19:08:20.921623
1049,2019111701004860,NABIL,29,42,975,753,734175.00,2019-11-17 19:08:20.921623
1050,2019111701004861,MEGA,6,56,324,184,59616.00,2019-11-17 19:08:20.921623
1051,2019111701004862,MEGA,21,56,50,184,9200.00,2019-11-17 19:08:20.921623
1052,2019111701004863,MEGA,17,56,300,184,55200.00,2019-11-17 19:08:20.921623
1053,2019111701004864,MEGA,16,56,22,184,4048.00,2019-11-17 19:08:20.921623
1054,2019111701004865,SABSL,50,18,10,561,5610.00,2019-11-17 19:08:20.921623
1055,2019111701004866,AKBSL,48,45,20,431,8620.00,2019-11-17 19:08:20.921623
1056,2019111701004867,SICL,49,33,28,737,20636.00,2019-11-17 19:08:20.921623
1057,2019111701004868,RSDC,14,35,100,297,29700.00,2019-11-17 19:08:20.921623
1058,2019111701004869,NMB,35,25,148,384,56832.00,2019-11-17 19:08:20.921623
1059,2019111701004870,NMB,25,25,500,384,192000.00,2019-11-17 19:08:20.921623
1060,2019111701004871,NMB,22,25,10,384,3840.00,2019-11-17 19:08:20.921623
1061,2019111701004872,NMB,21,25,300,384,115200.00,2019-11-17 19:08:20.921623
1062,2019111701004873,NMB,49,25,1000,384,384000.00,2019-11-17 19:08:20.921623
1063,2019111701004874,NMB,40,25,42,384,16128.00,2019-11-17 19:08:20.921623
1064,2019111701004875,NIB,25,36,171,424,72504.00,2019-11-17 19:08:20.921623
1065,2019111701004876,NIB,22,36,1000,424,424000.00,2019-11-17 19:08:20.921623
1066,2019111701004877,MEGA,14,46,287,184,52808.00,2019-11-17 19:08:20.921623
1067,2019111701004878,MEGA,16,46,78,184,14352.00,2019-11-17 19:08:20.921623
1068,2019111701004879,MEGA,43,46,500,184,92000.00,2019-11-17 19:08:20.921623
1069,2019111701004880,MEGA,22,46,20,184,3680.00,2019-11-17 19:08:20.921623
1070,2019111701004881,MEGA,38,46,26,184,4784.00,2019-11-17 19:08:20.921623
1071,2019111701004882,CCBL,45,21,30,161,4830.00,2019-11-17 19:08:20.921623
1072,2019111701004883,SHL,29,6,565,201,113565.00,2019-11-17 19:08:20.921623
1073,2019111701004884,PIC,54,26,55,356,19580.00,2019-11-17 19:08:20.921623
1074,2019111701004885,PIC,37,26,100,356,35600.00,2019-11-17 19:08:20.921623
1075,2019111701004886,PIC,48,26,20,356,7120.00,2019-11-17 19:08:20.921623
1076,2019111701004887,PIC,33,26,100,354,35400.00,2019-11-17 19:08:20.921623
1077,2019111701004888,PIC,17,26,116,354,41064.00,2019-11-17 19:08:20.921623
1078,2019111701004889,PIC,8,26,10,353,3530.00,2019-11-17 19:08:20.921623
1079,2019111701004890,PIC,29,26,300,353,105900.00,2019-11-17 19:08:20.921623
1080,2019111701004891,PIC,6,26,100,352,35200.00,2019-11-17 19:08:20.921623
1081,2019111701004892,PRVU,36,33,709,227,160943.00,2019-11-17 19:08:20.921623
1082,2019111701004817,UPPER,22,16,10,228,2280.00,2019-11-17 19:08:20.921623
1083,2019111701004818,UPPER,47,16,11,227,2497.00,2019-11-17 19:08:20.921623
1084,2019111701004819,UPPER,56,16,100,227,22700.00,2019-11-17 19:08:20.921623
1085,2019111701004820,UPPER,59,16,500,227,113500.00,2019-11-17 19:08:20.921623
1086,2019111701004821,UPPER,42,16,50,227,11350.00,2019-11-17 19:08:20.921623
1087,2019111701004822,UPPER,18,16,445,227,101015.00,2019-11-17 19:08:20.921623
1088,2019111701004823,UPPER,25,16,100,227,22700.00,2019-11-17 19:08:20.921623
1089,2019111701004824,UPPER,19,16,100,227,22700.00,2019-11-17 19:08:20.921623
1090,2019111701004825,UPPER,16,16,1000,227,227000.00,2019-11-17 19:08:20.921623
1091,2019111701004826,UPPER,14,16,200,227,45400.00,2019-11-17 19:08:20.921623
1092,2019111701004827,UPPER,42,16,100,226,22600.00,2019-11-17 19:08:20.921623
1093,2019111701004828,UPPER,59,16,600,226,135600.00,2019-11-17 19:08:20.921623
1094,2019111701004829,UPPER,56,16,200,226,45200.00,2019-11-17 19:08:20.921623
1095,2019111701004830,UPPER,55,16,500,226,113000.00,2019-11-17 19:08:20.921623
1096,2019111701004831,UPPER,52,16,500,226,113000.00,2019-11-17 19:08:20.921623
1097,2019111701004832,UPPER,16,16,1000,226,226000.00,2019-11-17 19:08:20.921623
1098,2019111701004833,UPPER,52,16,50,226,11300.00,2019-11-17 19:08:20.921623
1099,2019111701004834,UPPER,25,16,500,226,113000.00,2019-11-17 19:08:20.921623
1100,2019111701004835,SHIVM,33,42,110,433,47630.00,2019-11-17 19:08:20.921623
1101,2019111701004836,SHIVM,33,50,350,433,151550.00,2019-11-17 19:08:20.921623
1102,2019111701004837,SHIVM,33,42,40,433,17320.00,2019-11-17 19:08:20.921623
1103,2019111701004838,EBL,5,37,243,554,134622.00,2019-11-17 19:08:20.921623
1104,2019111701004839,MNBBL,14,16,87,318,27666.00,2019-11-17 19:08:20.921623
1105,2019111701004840,MNBBL,34,16,37,317,11729.00,2019-11-17 19:08:20.921623
1106,2019111701004841,MNBBL,53,16,500,317,158500.00,2019-11-17 19:08:20.921623
1107,2019111701004842,MNBBL,29,16,300,317,95100.00,2019-11-17 19:08:20.921623
1108,2019111701004843,CZBIL,7,56,66,185,12210.00,2019-11-17 19:08:20.921623
1109,2019111701004844,CZBIL,4,56,200,185,37000.00,2019-11-17 19:08:20.921623
1110,2019111701004845,CZBIL,43,56,200,185,37000.00,2019-11-17 19:08:20.921623
1111,2019111701004846,CZBIL,41,56,100,185,18500.00,2019-11-17 19:08:20.921623
1112,2019111701004847,CZBIL,32,56,100,185,18500.00,2019-11-17 19:08:20.921623
1113,2019111701004848,CZBIL,34,56,608,185,112480.00,2019-11-17 19:08:20.921623
1114,2019111701004849,NBL,49,43,1000,319,319000.00,2019-11-17 19:08:20.921623
1115,2019111701004850,CCBL,59,34,800,162,129600.00,2019-11-17 19:08:20.921623
1116,2019111701004851,CCBL,59,21,200,162,32400.00,2019-11-17 19:08:20.921623
1117,2019111701004852,SDESI,19,41,80,636,50880.00,2019-11-17 19:08:20.921623
1118,2019111701004853,SDESI,34,41,56,636,35616.00,2019-11-17 19:08:20.921623
1119,2019111701004854,SDESI,45,41,264,635,167640.00,2019-11-17 19:08:20.921623
1120,2019111701004855,LBBL,42,33,96,170,16320.00,2019-11-17 19:08:20.921623
1121,2019111701004856,NLICL,36,26,26,419,10894.00,2019-11-17 19:08:20.921623
1122,2019111701004857,NICL,14,1,10,254,2540.00,2019-11-17 19:08:20.921623
1123,2019111701004858,NICL,51,1,190,254,48260.00,2019-11-17 19:08:20.921623
1124,2019111701004786,PRIN,49,41,80,310,24800.00,2019-11-17 19:08:20.921623
1125,2019111701004787,PIC,51,57,13,357,4641.00,2019-11-17 19:08:20.921623
1126,2019111701004788,LBL,41,16,212,218,46216.00,2019-11-17 19:08:20.921623
1127,2019111701004789,LBL,54,16,500,218,109000.00,2019-11-17 19:08:20.921623
1128,2019111701004790,NCCB,56,1,27,200,5400.00,2019-11-17 19:08:20.921623
1129,2019111701004791,NCCB,58,1,973,200,194600.00,2019-11-17 19:08:20.921623
1130,2019111701004792,KBL,54,48,29,178,5162.00,2019-11-17 19:08:20.921623
1131,2019111701004793,KBL,6,48,1000,178,178000.00,2019-11-17 19:08:20.921623
1132,2019111701004794,KBL,37,48,100,178,17800.00,2019-11-17 19:08:20.921623
1133,2019111701004795,KBL,57,48,200,178,35600.00,2019-11-17 19:08:20.921623
1134,2019111701004796,KBL,16,48,1000,178,178000.00,2019-11-17 19:08:20.921623
1135,2019111701004797,KBL,32,48,900,178,160200.00,2019-11-17 19:08:20.921623
1136,2019111701004798,KBL,56,48,1000,178,178000.00,2019-11-17 19:08:20.921623
1137,2019111701004799,KBL,49,48,200,178,35600.00,2019-11-17 19:08:20.921623
1138,2019111701004800,NLIC,58,36,39,790,30810.00,2019-11-17 19:08:20.921623
1139,2019111701004801,MBL,33,39,68,224,15232.00,2019-11-17 19:08:20.921623
1140,2019111701004802,MBL,6,39,41,224,9184.00,2019-11-17 19:08:20.921623
1141,2019111701004803,MBL,6,39,122,224,27328.00,2019-11-17 19:08:20.921623
1142,2019111701004804,NLIC,40,48,20,789,15780.00,2019-11-17 19:08:20.921623
1143,2019111701004805,HGI,41,48,100,253,25300.00,2019-11-17 19:08:20.921623
1144,2019111701004806,OHL,6,26,500,415,207500.00,2019-11-17 19:08:20.921623
1145,2019111701004807,PCBL,48,56,100,269,26900.00,2019-11-17 19:08:20.921623
1146,2019111701004808,PCBL,33,56,270,268,72360.00,2019-11-17 19:08:20.921623
1147,2019111701004809,GMFBS,46,38,80,507,40560.00,2019-11-17 19:08:20.921623
1148,2019111701004810,GMFBS,37,38,222,507,112554.00,2019-11-17 19:08:20.921623
1149,2019111701004811,NBL,38,33,300,319,95700.00,2019-11-17 19:08:20.921623
1150,2019111701004812,PRVU,7,1,35,227,7945.00,2019-11-17 19:08:20.921623
1151,2019111701004813,PRVU,36,1,465,227,105555.00,2019-11-17 19:08:20.921623
1152,2019111701004814,NLIC,40,48,20,789,15780.00,2019-11-17 19:08:20.921623
1153,2019111701004815,RHPL,33,17,40,166,6640.00,2019-11-17 19:08:20.921623
1154,2019111701004816,SLBBL,48,39,50,605,30250.00,2019-11-17 19:08:20.921623
1155,2019111701004770,AKBSL,48,38,10,431,4310.00,2019-11-17 19:08:20.921623
1156,2019111701004771,NLIC,45,56,72,789,56808.00,2019-11-17 19:08:20.921623
1157,2019111701004772,NLIC,5,56,100,789,78900.00,2019-11-17 19:08:20.921623
1158,2019111701004773,NLIC,40,56,828,789,653292.00,2019-11-17 19:08:20.921623
1159,2019111701004774,AKBSL,3,29,10,432,4320.00,2019-11-17 19:08:20.921623
1160,2019111701004775,AKJCL,51,22,10,56,560.00,2019-11-17 19:08:20.921623
1161,2019111701004776,GBLBS,37,14,60,302,18120.00,2019-11-17 19:08:20.921623
1162,2019111701004777,GBLBS,17,14,50,302,15100.00,2019-11-17 19:08:20.921623
1163,2019111701004778,GBLBS,40,14,300,302,90600.00,2019-11-17 19:08:20.921623
1164,2019111701004779,GBLBS,36,14,890,302,268780.00,2019-11-17 19:08:20.921623
1165,2019111701004780,LBL,45,16,1612,218,351416.00,2019-11-17 19:08:20.921623
1166,2019111701004781,LBL,14,16,50,218,10900.00,2019-11-17 19:08:20.921623
1167,2019111701004782,LBL,26,16,50,218,10900.00,2019-11-17 19:08:20.921623
1168,2019111701004783,LBL,41,16,288,218,62784.00,2019-11-17 19:08:20.921623
1169,2019111701004784,SIL,49,58,62,377,23374.00,2019-11-17 19:08:20.921623
1170,2019111701004785,API,46,16,20,104,2080.00,2019-11-17 19:08:20.921623
1171,2019111701004752,SLBSL,43,5,10,702,7020.00,2019-11-17 19:08:20.921623
1172,2019111701004753,NLICL,36,47,20,419,8380.00,2019-11-17 19:08:20.921623
1173,2019111701004754,MFIL,49,38,79,125,9875.00,2019-11-17 19:08:20.921623
1174,2019111701004755,MFIL,49,38,2000,125,250000.00,2019-11-17 19:08:20.921623
1175,2019111701004756,ADBL,58,58,339,416,141024.00,2019-11-17 19:08:20.921623
1176,2019111701004757,UPPER,22,5,50,228,11400.00,2019-11-17 19:08:20.921623
1177,2019111701004758,EIC,21,16,50,215,10750.00,2019-11-17 19:08:20.921623
1178,2019111701004759,EIC,57,16,20,215,4300.00,2019-11-17 19:08:20.921623
1179,2019111701004760,EIC,32,16,210,214,44940.00,2019-11-17 19:08:20.921623
1180,2019111701004761,EIC,58,16,100,214,21400.00,2019-11-17 19:08:20.921623
1181,2019111701004762,EIC,34,16,500,214,107000.00,2019-11-17 19:08:20.921623
1182,2019111701004763,CHCL,42,26,30,359,10770.00,2019-11-17 19:08:20.921623
1183,2019111701004764,NMB,58,59,88,384,33792.00,2019-11-17 19:08:20.921623
1184,2019111701004765,NMB,35,59,152,384,58368.00,2019-11-17 19:08:20.921623
1185,2019111701004766,SKBBL,57,50,50,932,46600.00,2019-11-17 19:08:20.921623
1186,2019111701004767,SKBBL,14,50,300,932,279600.00,2019-11-17 19:08:20.921623
1187,2019111701004768,CCBL,45,52,11,161,1771.00,2019-11-17 19:08:20.921623
1188,2019111701004769,ALBSL,46,5,10,404,4040.00,2019-11-17 19:08:20.921623
1189,2019111701004728,SABSL,39,39,10,562,5620.00,2019-11-17 19:08:20.921623
1190,2019111701004729,RHPL,33,38,40,166,6640.00,2019-11-17 19:08:20.921623
1191,2019111701004730,CZBIL,26,38,50,186,9300.00,2019-11-17 19:08:20.921623
1192,2019111701004731,CZBIL,42,38,200,186,37200.00,2019-11-17 19:08:20.921623
1193,2019111701004732,CZBIL,40,38,500,186,93000.00,2019-11-17 19:08:20.921623
1194,2019111701004733,SBL,26,43,15,287,4305.00,2019-11-17 19:08:20.921623
1195,2019111701004734,SBL,48,43,50,287,14350.00,2019-11-17 19:08:20.921623
1196,2019111701004735,NLIC,58,36,61,790,48190.00,2019-11-17 19:08:20.921623
1197,2019111701004736,UPPER,22,16,40,228,9120.00,2019-11-17 19:08:20.921623
1198,2019111701004737,SLICL,29,22,300,258,77400.00,2019-11-17 19:08:20.921623
1199,2019111701004738,SABSL,50,1,10,561,5610.00,2019-11-17 19:08:20.921623
1200,2019111701004739,JBBL,29,25,17,159,2703.00,2019-11-17 19:08:20.921623
1201,2019111701004740,SJCL,5,38,20,160,3200.00,2019-11-17 19:08:20.921623
1202,2019111701004741,RHPL,33,5,10,166,1660.00,2019-11-17 19:08:20.921623
1203,2019111701004742,PRVU,42,48,14,229,3206.00,2019-11-17 19:08:20.921623
1204,2019111701004743,RHPL,33,1,40,166,6640.00,2019-11-17 19:08:20.921623
1205,2019111701004744,NBL,14,42,20,319,6380.00,2019-11-17 19:08:20.921623
1206,2019111701004745,NBL,49,42,1000,319,319000.00,2019-11-17 19:08:20.921623
1207,2019111701004746,NBL,43,42,500,319,159500.00,2019-11-17 19:08:20.921623
1208,2019111701004747,NBL,49,42,1000,319,319000.00,2019-11-17 19:08:20.921623
1209,2019111701004748,NIL,49,22,200,374,74800.00,2019-11-17 19:08:20.921623
1210,2019111701004749,SJCL,5,5,10,160,1600.00,2019-11-17 19:08:20.921623
1211,2019111701004750,SJCL,5,1,20,160,3200.00,2019-11-17 19:08:20.921623
1212,2019111701004751,CCBL,59,34,1000,162,162000.00,2019-11-17 19:08:20.921623
1213,2019111701004700,SJCL,59,16,20,161,3220.00,2019-11-17 19:08:20.921623
1214,2019111701004701,SJCL,59,59,10,162,1620.00,2019-11-17 19:08:20.921623
1215,2019111701004702,UPPER,57,16,10,228,2280.00,2019-11-17 19:08:20.921623
1216,2019111701004703,RHPL,33,38,40,166,6640.00,2019-11-17 19:08:20.921623
1217,2019111701004704,SHIVM,46,42,90,433,38970.00,2019-11-17 19:08:20.921623
1218,2019111701004705,CCBL,51,34,200,162,32400.00,2019-11-17 19:08:20.921623
1219,2019111701004706,SJCL,57,38,20,160,3200.00,2019-11-17 19:08:20.921623
1220,2019111701004707,NMB,50,59,10,385,3850.00,2019-11-17 19:08:20.921623
1221,2019111701004708,NMB,40,41,274,384,105216.00,2019-11-17 19:08:20.921623
1222,2019111701004709,NMB,34,41,500,384,192000.00,2019-11-17 19:08:20.921623
1223,2019111701004710,NMB,47,41,418,384,160512.00,2019-11-17 19:08:20.921623
1224,2019111701004711,NMB,58,41,12,384,4608.00,2019-11-17 19:08:20.921623
1225,2019111701004712,NCCB,52,41,300,201,60300.00,2019-11-17 19:08:20.921623
1226,2019111701004713,NBL,1,16,213,320,68160.00,2019-11-17 19:08:20.921623
1227,2019111701004714,VLBS,44,16,13,586,7618.00,2019-11-17 19:08:20.921623
1228,2019111701004715,RHPL,33,38,50,166,8300.00,2019-11-17 19:08:20.921623
1229,2019111701004716,NLIC,58,25,52,790,41080.00,2019-11-17 19:08:20.921623
1230,2019111701004717,PRVU,4,19,200,228,45600.00,2019-11-17 19:08:20.921623
1231,2019111701004718,SJCL,5,38,20,160,3200.00,2019-11-17 19:08:20.921623
1232,2019111701004719,JSLBB,51,58,10,1095,10950.00,2019-11-17 19:08:20.921623
1233,2019111701004720,JSLBB,51,47,10,1100,11000.00,2019-11-17 19:08:20.921623
1234,2019111701004721,API,25,16,50,104,5200.00,2019-11-17 19:08:20.921623
1235,2019111701004722,API,44,16,400,104,41600.00,2019-11-17 19:08:20.921623
1236,2019111701004723,UIC,16,42,100,235,23500.00,2019-11-17 19:08:20.921623
1237,2019111701004724,CCBL,45,25,19,161,3059.00,2019-11-17 19:08:20.921623
1238,2019111701004725,NBB,56,54,10,206,2060.00,2019-11-17 19:08:20.921623
1239,2019111701004726,NBB,56,39,249,206,51294.00,2019-11-17 19:08:20.921623
1240,2019111701004727,NBB,56,39,355,206,73130.00,2019-11-17 19:08:20.921623
1241,2019111701004668,UMHL,17,16,14,102,1428.00,2019-11-17 19:08:20.921623
1242,2019111701004669,NBL,6,16,460,320,147200.00,2019-11-17 19:08:20.921623
1243,2019111701004670,NBL,6,16,540,320,172800.00,2019-11-17 19:08:20.921623
1244,2019111701004671,RHPL,33,38,40,166,6640.00,2019-11-17 19:08:20.921623
1245,2019111701004672,RSDC,1,4,100,296,29600.00,2019-11-17 19:08:20.921623
1246,2019111701004673,RSDC,34,4,72,296,21312.00,2019-11-17 19:08:20.921623
1247,2019111701004674,KBL,16,57,824,179,147496.00,2019-11-17 19:08:20.921623
1248,2019111701004675,KBL,52,57,10,179,1790.00,2019-11-17 19:08:20.921623
1249,2019111701004676,PRVU,52,51,50,228,11400.00,2019-11-17 19:08:20.921623
1250,2019111701004677,SJCL,57,38,20,160,3200.00,2019-11-17 19:08:20.921623
1251,2019111701004678,SHIVM,1,42,100,433,43300.00,2019-11-17 19:08:20.921623
1252,2019111701004679,TMDBL,21,26,30,146,4380.00,2019-11-17 19:08:20.921623
1253,2019111701004680,GBBL,41,56,1050,224,235200.00,2019-11-17 19:08:20.921623
1254,2019111701004681,SABSL,44,7,60,562,33720.00,2019-11-17 19:08:20.921623
1255,2019111701004682,SABSL,28,7,100,561,56100.00,2019-11-17 19:08:20.921623
1256,2019111701004683,SLBSL,43,38,10,702,7020.00,2019-11-17 19:08:20.921623
1257,2019111701004684,NIBPO,25,49,25,391,9775.00,2019-11-17 19:08:20.921623
1258,2019111701004685,NIBPO,52,49,200,390,78000.00,2019-11-17 19:08:20.921623
1259,2019111701004686,NIBPO,19,49,500,388,194000.00,2019-11-17 19:08:20.921623
1260,2019111701004687,TMDBL,21,26,20,146,2920.00,2019-11-17 19:08:20.921623
1261,2019111701004688,NEF,29,22,3000,7.56,22680.00,2019-11-17 19:08:20.921623
1262,2019111701004689,MLBL,49,33,640,180,115200.00,2019-11-17 19:08:20.921623
1263,2019111701004690,MBL,33,5,132,224,29568.00,2019-11-17 19:08:20.921623
1264,2019111701004691,RBCL,11,28,10,8250,82500.00,2019-11-17 19:08:20.921623
1265,2019111701004692,UPPER,57,57,40,228,9120.00,2019-11-17 19:08:20.921623
1266,2019111701004693,VLBS,44,46,13,585,7605.00,2019-11-17 19:08:20.921623
1267,2019111701004694,VLBS,44,29,50,590,29500.00,2019-11-17 19:08:20.921623
1268,2019111701004695,TMDBL,57,26,39,146,5694.00,2019-11-17 19:08:20.921623
1269,2019111701004696,NLIC,58,18,26,790,20540.00,2019-11-17 19:08:20.921623
1270,2019111701004697,LEMF,29,39,500,7.15,3575.00,2019-11-17 19:08:20.921623
1271,2019111701004698,HDL,41,49,50,1775,88750.00,2019-11-17 19:08:20.921623
1272,2019111701004699,NBL,14,29,80,319,25520.00,2019-11-17 19:08:20.921623
1273,2019111701004636,HIDCL,14,38,300,130,39000.00,2019-11-17 19:08:20.921623
1274,2019111701004637,HIDCL,45,38,200,130,26000.00,2019-11-17 19:08:20.921623
1275,2019111701004638,HIDCL,14,38,143,130,18590.00,2019-11-17 19:08:20.921623
1276,2019111701004639,HIDCL,6,38,339,130,44070.00,2019-11-17 19:08:20.921623
1277,2019111701004640,SANIMA,22,1,95,306,29070.00,2019-11-17 19:08:20.921623
1278,2019111701004641,SJCL,57,38,20,160,3200.00,2019-11-17 19:08:20.921623
1279,2019111701004642,SJCL,57,54,20,160,3200.00,2019-11-17 19:08:20.921623
1280,2019111701004643,CHCL,49,57,400,355,142000.00,2019-11-17 19:08:20.921623
1281,2019111701004644,LBL,56,41,74,218,16132.00,2019-11-17 19:08:20.921623
1282,2019111701004645,LBL,45,41,1000,218,218000.00,2019-11-17 19:08:20.921623
1283,2019111701004646,LBL,45,41,388,218,84584.00,2019-11-17 19:08:20.921623
1284,2019111701004647,MSLB,1,47,50,857,42850.00,2019-11-17 19:08:20.921623
1285,2019111701004648,MSLB,1,47,61,856,52216.00,2019-11-17 19:08:20.921623
1286,2019111701004649,TMDBL,21,16,26,145,3770.00,2019-11-17 19:08:20.921623
1287,2019111701004650,AKBSL,48,38,10,431,4310.00,2019-11-17 19:08:20.921623
1288,2019111701004651,CHCL,49,17,100,355,35500.00,2019-11-17 19:08:20.921623
1289,2019111701004652,CHCL,56,17,324,355,115020.00,2019-11-17 19:08:20.921623
1290,2019111701004653,NBL,14,46,100,319,31900.00,2019-11-17 19:08:20.921623
1291,2019111701004654,SHIVM,35,58,14,433,6062.00,2019-11-17 19:08:20.921623
1292,2019111701004655,NICA,28,1,20,416,8320.00,2019-11-17 19:08:20.921623
1293,2019111701004656,RHPL,33,38,40,166,6640.00,2019-11-17 19:08:20.921623
1294,2019111701004657,SABSL,26,51,160,562,89920.00,2019-11-17 19:08:20.921623
1295,2019111701004658,SABSL,44,51,40,562,22480.00,2019-11-17 19:08:20.921623
1296,2019111701004659,SHL,32,41,100,202,20200.00,2019-11-17 19:08:20.921623
1297,2019111701004660,SHL,32,41,200,202,40400.00,2019-11-17 19:08:20.921623
1298,2019111701004661,SHL,52,41,500,201,100500.00,2019-11-17 19:08:20.921623
1299,2019111701004662,SHL,29,41,460,201,92460.00,2019-11-17 19:08:20.921623
1300,2019111701004663,SJCL,57,38,10,160,1600.00,2019-11-17 19:08:20.921623
1301,2019111701004664,NIL,50,47,40,375,15000.00,2019-11-17 19:08:20.921623
1302,2019111701004665,NIL,49,47,160,374,59840.00,2019-11-17 19:08:20.921623
1303,2019111701004666,MLBL,59,48,304,180,54720.00,2019-11-17 19:08:20.921623
1304,2019111701004667,MLBL,59,33,1696,180,305280.00,2019-11-17 19:08:20.921623
1305,2019111701004597,MEGA,35,45,20,185,3700.00,2019-11-17 19:08:20.921623
1306,2019111701004598,RHPL,33,16,40,166,6640.00,2019-11-17 19:08:20.921623
1307,2019111701004599,SICL,51,47,50,738,36900.00,2019-11-17 19:08:20.921623
1308,2019111701004600,SICL,49,47,150,737,110550.00,2019-11-17 19:08:20.921623
1309,2019111701004601,NIB,1,49,22,425,9350.00,2019-11-17 19:08:20.921623
1310,2019111701004602,RHPL,33,38,40,166,6640.00,2019-11-17 19:08:20.921623
1311,2019111701004603,SABSL,36,44,10,563,5630.00,2019-11-17 19:08:20.921623
1312,2019111701004604,NLG,58,57,11,534,5874.00,2019-11-17 19:08:20.921623
1313,2019111701004605,CBL,29,58,610,138,84180.00,2019-11-17 19:08:20.921623
1314,2019111701004606,ILBS,58,6,10,465,4650.00,2019-11-17 19:08:20.921623
1315,2019111701004607,ILBS,58,51,100,466,46600.00,2019-11-17 19:08:20.921623
1316,2019111701004608,ILBS,58,18,130,466,60580.00,2019-11-17 19:08:20.921623
1317,2019111701004609,SJCL,57,38,20,160,3200.00,2019-11-17 19:08:20.921623
1318,2019111701004610,NIBSF1,19,22,100,8.83,883.00,2019-11-17 19:08:20.921623
1319,2019111701004611,SMFBS,43,47,10,787,7870.00,2019-11-17 19:08:20.921623
1320,2019111701004612,NIB,22,18,200,424,84800.00,2019-11-17 19:08:20.921623
1321,2019111701004613,NIB,25,18,29,424,12296.00,2019-11-17 19:08:20.921623
1322,2019111701004614,CCBL,44,32,290,162,46980.00,2019-11-17 19:08:20.921623
1323,2019111701004615,CHCL,52,17,100,357,35700.00,2019-11-17 19:08:20.921623
1324,2019111701004616,CHCL,22,17,100,357,35700.00,2019-11-17 19:08:20.921623
1325,2019111701004617,CHCL,8,17,321,356,114276.00,2019-11-17 19:08:20.921623
1326,2019111701004618,CHCL,57,17,20,356,7120.00,2019-11-17 19:08:20.921623
1327,2019111701004619,HBL,45,1,15,485,7275.00,2019-11-17 19:08:20.921623
