S.N,Contract_No,Stock_Symbol,Buyer_Broker,Seller_Broker,Quantity,Rate,Amount,Date
1,2019111801004893,GLICL,54,45,20,355,7100.00,2019-11-18 15:02:44.516023
2,2019111801004894,SMFBS,33,57,10,800,8000.00,2019-11-18 15:02:44.516023
3,2019111801004895,UPPER,25,22,10,227,2270.00,2019-11-18 15:02:44.516023
4,2019111801004896,UPPER,25,45,10,228,2280.00,2019-11-18 15:02:44.516023
5,2019111801004897,PLIC,28,28,10,312,3120.00,2019-11-18 15:02:44.516023
6,2019111801004898,NMB,49,32,20,386,7720.00,2019-11-18 15:02:44.516023
7,2019111801004899,NMB,3,32,100,386,38600.00,2019-11-18 15:02:44.516023
8,2019111801004900,NMB,57,32,100,386,38600.00,2019-11-18 15:02:44.516023
9,2019111801004901,MBL,22,22,901,223,200923.00,2019-11-18 15:02:44.516023
10,2019111801004902,KSBBL,35,38,50,134,6700.00,2019-11-18 15:02:44.516023
11,2019111801004903,NLG,7,49,40,526,21040.00,2019-11-18 15:02:44.516023
12,2019111801004904,NLG,5,49,30,526,15780.00,2019-11-18 15:02:44.516023
13,2019111801004905,SBI,19,42,100,391,39100.00,2019-11-18 15:02:44.516023
14,2019111801004906,NIBPO,7,47,212,390,82680.00,2019-11-18 15:02:44.516023
15,2019111801004907,NIB,16,39,17,418,7106.00,2019-11-18 15:02:44.516023
16,2019111801004908,NIB,49,39,50,418,20900.00,2019-11-18 15:02:44.516023
17,2019111801004909,NIB,16,39,165,418,68970.00,2019-11-18 15:02:44.516023
18,2019111801004910,UPPER,8,48,220,226,49720.00,2019-11-18 15:02:44.516023
19,2019111801004911,NIB,16,34,475,419,199025.00,2019-11-18 15:02:44.516023
20,2019111801004912,NIB,16,57,233,419,97627.00,2019-11-18 15:02:44.516023
21,2019111801004913,NIB,16,42,76,420,31920.00,2019-11-18 15:02:44.516023
22,2019111801004914,NIB,16,42,10,420,4200.00,2019-11-18 15:02:44.516023
23,2019111801004915,NIL,45,45,10,378,3780.00,2019-11-18 15:02:44.516023
24,2019111801004916,NIL,45,22,90,378,34020.00,2019-11-18 15:02:44.516023
25,2019111801004917,LBL,43,40,126,217,27342.00,2019-11-18 15:02:44.516023
26,2019111801004918,NNLB,45,45,100,457,45700.00,2019-11-18 15:02:44.516023
27,2019111801004919,PCBL,53,45,60,271,16260.00,2019-11-18 15:02:44.516023
28,2019111801004920,PCBL,53,43,460,271,124660.00,2019-11-18 15:02:44.516023
29,2019111801004921,PCBL,53,49,200,272,54400.00,2019-11-18 15:02:44.516023
30,2019111801004922,PCBL,53,58,280,272,76160.00,2019-11-18 15:02:44.516023
31,2019111801004923,SJCL,35,58,10,158,1580.00,2019-11-18 15:02:44.516023
32,2019111801004924,CZBIL,6,35,111,185,20535.00,2019-11-18 15:02:44.516023
33,2019111801004925,CZBIL,5,35,100,185,18500.00,2019-11-18 15:02:44.516023
34,2019111801004926,CZBIL,42,35,50,185,9250.00,2019-11-18 15:02:44.516023
35,2019111801004927,CZBIL,19,35,200,185,37000.00,2019-11-18 15:02:44.516023
36,2019111801004928,CZBIL,45,35,20,185,3700.00,2019-11-18 15:02:44.516023
37,2019111801004929,SLBSL,25,43,10,720,7200.00,2019-11-18 15:02:44.516023
38,2019111801004930,GMFBS,29,58,40,496,19840.00,2019-11-18 15:02:44.516023
39,2019111801004931,RMDC,41,44,40,593,23720.00,2019-11-18 15:02:44.516023
40,2019111801004932,UPPER,25,45,10,228,2280.00,2019-11-18 15:02:44.516023
41,2019111801004933,SABSL,28,42,10,555,5550.00,2019-11-18 15:02:44.516023
42,2019111801004934,MBL,25,22,89,223,19847.00,2019-11-18 15:02:44.516023
43,2019111801004935,SIC,37,35,100,449,44900.00,2019-11-18 15:02:44.516023
44,2019111801004936,SIC,37,16,464,450,208800.00,2019-11-18 15:02:44.516023
45,2019111801004937,NBL,52,19,335,319,106865.00,2019-11-18 15:02:44.516023
46,2019111801004938,NBL,41,19,100,319,31900.00,2019-11-18 15:02:44.516023
47,2019111801004939,NBL,13,19,20,318,6360.00,2019-11-18 15:02:44.516023
48,2019111801004940,NBL,25,19,45,318,14310.00,2019-11-18 15:02:44.516023
49,2019111801004941,VLBS,39,22,40,583,23320.00,2019-11-18 15:02:44.516023
50,2019111801004942,HDL,58,26,10,1774,17740.00,2019-11-18 15:02:44.516023
51,2019111801004943,CCBL,41,52,1000,161,161000.00,2019-11-18 15:02:44.516023
52,2019111801004944,CCBL,43,52,214,161,34454.00,2019-11-18 15:02:44.516023
53,2019111801004945,CCBL,41,52,286,161,46046.00,2019-11-18 15:02:44.516023
54,2019111801004946,MNBBL,58,46,100,315,31500.00,2019-11-18 15:02:44.516023
55,2019111801004947,CBBL,32,45,10,974,9740.00,2019-11-18 15:02:44.516023
56,2019111801004948,NBL,38,38,50,320,16000.00,2019-11-18 15:02:44.516023
57,2019111801004949,PRVU,51,51,863,229,197627.00,2019-11-18 15:02:44.516023
58,2019111801004950,SJCL,57,5,100,157,15700.00,2019-11-18 15:02:44.516023
59,2019111801004951,SJCL,32,5,200,157,31400.00,2019-11-18 15:02:44.516023
60,2019111801004952,SJCL,39,5,201,157,31557.00,2019-11-18 15:02:44.516023
61,2019111801004953,DDBL,45,38,50,735,36750.00,2019-11-18 15:02:44.516023
62,2019111801004954,NIB,18,42,50,421,21050.00,2019-11-18 15:02:44.516023
63,2019111801004955,NBL,33,38,50,320,16000.00,2019-11-18 15:02:44.516023
64,2019111801004956,NBL,49,38,10,320,3200.00,2019-11-18 15:02:44.516023
65,2019111801004957,NIB,16,51,80,420,33600.00,2019-11-18 15:02:44.516023
66,2019111801004836,SANIMA,25,45,200,307,61400.00,2019-11-18 15:02:44.516023
67,2019111801004837,FMDBL,25,57,66,305,20130.00,2019-11-18 15:02:44.516023
68,2019111801004838,NLICL,43,39,60,420,25200.00,2019-11-18 15:02:44.516023
69,2019111801004839,NLICL,43,46,45,423,19035.00,2019-11-18 15:02:44.516023
70,2019111801004840,SPDL,34,39,100,81,8100.00,2019-11-18 15:02:44.516023
71,2019111801004841,NIB,39,38,50,418,20900.00,2019-11-18 15:02:44.516023
72,2019111801004842,NCCB,58,11,2000,201,402000.00,2019-11-18 15:02:44.516023
73,2019111801004843,CBL,1,58,1000,138,138000.00,2019-11-18 15:02:44.516023
74,2019111801004844,NIBPO,35,47,10,390,3900.00,2019-11-18 15:02:44.516023
75,2019111801004845,JFL,43,32,13,192,2496.00,2019-11-18 15:02:44.516023
76,2019111801004846,SMFBS,6,29,10,792,7920.00,2019-11-18 15:02:44.516023
77,2019111801004847,MBL,33,22,10,223,2230.00,2019-11-18 15:02:44.516023
78,2019111801004848,NLIC,52,29,90,793,71370.00,2019-11-18 15:02:44.516023
79,2019111801004849,NLIC,52,32,200,794,158800.00,2019-11-18 15:02:44.516023
80,2019111801004850,SICL,58,22,50,737,36850.00,2019-11-18 15:02:44.516023
81,2019111801004851,SICL,33,22,50,737,36850.00,2019-11-18 15:02:44.516023
82,2019111801004852,PCBL,52,45,100,271,27100.00,2019-11-18 15:02:44.516023
83,2019111801004853,PIC,11,42,21,353,7413.00,2019-11-18 15:02:44.516023
84,2019111801004854,RHPL,34,18,20,164,3280.00,2019-11-18 15:02:44.516023
85,2019111801004855,LBBL,22,19,471,170,80070.00,2019-11-18 15:02:44.516023
86,2019111801004856,NICA,55,28,250,417,104250.00,2019-11-18 15:02:44.516023
87,2019111801004857,PRVU,39,16,200,228,45600.00,2019-11-18 15:02:44.516023
88,2019111801004858,SABSL,34,59,60,552,33120.00,2019-11-18 15:02:44.516023
89,2019111801004859,SABSL,28,59,40,551,22040.00,2019-11-18 15:02:44.516023
90,2019111801004860,SABSL,36,59,100,551,55100.00,2019-11-18 15:02:44.516023
91,2019111801004861,NCCB,58,49,10,202,2020.00,2019-11-18 15:02:44.516023
92,2019111801004862,NBL,22,42,185,319,59015.00,2019-11-18 15:02:44.516023
93,2019111801004863,NBL,16,42,100,319,31900.00,2019-11-18 15:02:44.516023
94,2019111801004864,NBL,6,42,50,319,15950.00,2019-11-18 15:02:44.516023
95,2019111801004865,NBL,52,42,665,319,212135.00,2019-11-18 15:02:44.516023
96,2019111801004866,SJCL,52,18,20,157,3140.00,2019-11-18 15:02:44.516023
97,2019111801004867,NIB,16,38,450,418,188100.00,2019-11-18 15:02:44.516023
98,2019111801004868,MEGA,43,13,10,185,1850.00,2019-11-18 15:02:44.516023
99,2019111801004869,HBL,37,16,76,480,36480.00,2019-11-18 15:02:44.516023
100,2019111801004870,NLICL,43,35,10,431,4310.00,2019-11-18 15:02:44.516023
101,2019111801004871,RHPC,14,48,200,73,14600.00,2019-11-18 15:02:44.516023
102,2019111801004872,PLIC,28,28,10,306,3060.00,2019-11-18 15:02:44.516023
103,2019111801004873,NICA,36,28,28,417,11676.00,2019-11-18 15:02:44.516023
104,2019111801004874,NICA,36,50,172,417,71724.00,2019-11-18 15:02:44.516023
105,2019111801004875,KSBBL,59,52,150,133,19950.00,2019-11-18 15:02:44.516023
106,2019111801004876,KSBBL,59,52,106,133,14098.00,2019-11-18 15:02:44.516023
107,2019111801004877,PRVU,39,22,263,228,59964.00,2019-11-18 15:02:44.516023
108,2019111801004878,PRVU,54,22,100,228,22800.00,2019-11-18 15:02:44.516023
109,2019111801004879,PRVU,51,22,637,228,145236.00,2019-11-18 15:02:44.516023
110,2019111801004880,NMFBS,36,16,20,1720,34400.00,2019-11-18 15:02:44.516023
111,2019111801004881,EIC,7,7,30,215,6450.00,2019-11-18 15:02:44.516023
112,2019111801004882,EIC,53,7,15,214,3210.00,2019-11-18 15:02:44.516023
113,2019111801004883,EIC,29,7,55,214,11770.00,2019-11-18 15:02:44.516023
114,2019111801004884,EIC,40,7,300,214,64200.00,2019-11-18 15:02:44.516023
115,2019111801004885,EIC,51,7,400,213,85200.00,2019-11-18 15:02:44.516023
116,2019111801004886,SMATA,39,52,130,518,67340.00,2019-11-18 15:02:44.516023
117,2019111801004887,RHPL,11,40,10,166,1660.00,2019-11-18 15:02:44.516023
118,2019111801004888,RHPL,11,39,10,166,1660.00,2019-11-18 15:02:44.516023
119,2019111801004889,RSDC,41,45,160,293,46880.00,2019-11-18 15:02:44.516023
120,2019111801004890,NMB,52,32,100,386,38600.00,2019-11-18 15:02:44.516023
121,2019111801004891,EBL,17,1,13,553,7189.00,2019-11-18 15:02:44.516023
122,2019111801004892,EBL,43,1,37,553,20461.00,2019-11-18 15:02:44.516023
123,2019111801004770,CCBL,14,35,209,161,33649.00,2019-11-18 15:02:44.516023
124,2019111801004771,CCBL,43,35,491,161,79051.00,2019-11-18 15:02:44.516023
125,2019111801004772,SFFIL,13,26,100,175,17500.00,2019-11-18 15:02:44.516023
126,2019111801004773,ADBL,57,5,100,418,41800.00,2019-11-18 15:02:44.516023
127,2019111801004774,JFL,43,52,90,193,17370.00,2019-11-18 15:02:44.516023
128,2019111801004775,JFL,7,52,100,193,19300.00,2019-11-18 15:02:44.516023
129,2019111801004776,JFL,17,52,2000,193,386000.00,2019-11-18 15:02:44.516023
130,2019111801004777,GMFBS,29,32,10,496,4960.00,2019-11-18 15:02:44.516023
131,2019111801004778,GLICL,39,39,63,358,22554.00,2019-11-18 15:02:44.516023
132,2019111801004779,GLICL,22,39,50,357,17850.00,2019-11-18 15:02:44.516023
133,2019111801004780,GLICL,5,39,50,357,17850.00,2019-11-18 15:02:44.516023
134,2019111801004781,GLICL,25,39,760,356,270560.00,2019-11-18 15:02:44.516023
135,2019111801004782,SHINE,40,4,30,252,7560.00,2019-11-18 15:02:44.516023
136,2019111801004783,MNBBL,33,56,36,314,11304.00,2019-11-18 15:02:44.516023
137,2019111801004784,JSLBB,51,57,30,1126,33780.00,2019-11-18 15:02:44.516023
138,2019111801004785,LBBL,33,19,870,170,147900.00,2019-11-18 15:02:44.516023
139,2019111801004786,NIBPO,7,37,288,388,111744.00,2019-11-18 15:02:44.516023
140,2019111801004787,PPCL,45,34,70,108,7560.00,2019-11-18 15:02:44.516023
141,2019111801004788,PPCL,36,34,50,108,5400.00,2019-11-18 15:02:44.516023
142,2019111801004789,PPCL,33,34,150,108,16200.00,2019-11-18 15:02:44.516023
143,2019111801004790,PPCL,22,34,80,108,8640.00,2019-11-18 15:02:44.516023
144,2019111801004791,UPPER,8,18,50,226,11300.00,2019-11-18 15:02:44.516023
145,2019111801004792,NMB,3,14,50,386,19300.00,2019-11-18 15:02:44.516023
146,2019111801004793,CCBL,42,40,200,161,32200.00,2019-11-18 15:02:44.516023
147,2019111801004794,CCBL,16,40,200,161,32200.00,2019-11-18 15:02:44.516023
148,2019111801004795,MEGA,16,3,66,184,12144.00,2019-11-18 15:02:44.516023
149,2019111801004796,MEGA,19,3,100,184,18400.00,2019-11-18 15:02:44.516023
150,2019111801004797,MEGA,58,3,100,184,18400.00,2019-11-18 15:02:44.516023
151,2019111801004798,MEGA,7,3,100,184,18400.00,2019-11-18 15:02:44.516023
152,2019111801004799,MEGA,36,3,334,184,61456.00,2019-11-18 15:02:44.516023
153,2019111801004800,NBL,52,5,65,319,20735.00,2019-11-18 15:02:44.516023
154,2019111801004801,NBL,49,5,450,319,143550.00,2019-11-18 15:02:44.516023
155,2019111801004802,NBL,8,5,70,319,22330.00,2019-11-18 15:02:44.516023
156,2019111801004803,NBL,59,5,100,319,31900.00,2019-11-18 15:02:44.516023
157,2019111801004804,NBL,22,5,315,319,100485.00,2019-11-18 15:02:44.516023
158,2019111801004805,NICA,35,19,100,416,41600.00,2019-11-18 15:02:44.516023
159,2019111801004806,BPCL,33,47,10,353,3530.00,2019-11-18 15:02:44.516023
160,2019111801004807,PICL,11,22,50,413,20650.00,2019-11-18 15:02:44.516023
161,2019111801004808,SCB,25,52,10,554,5540.00,2019-11-18 15:02:44.516023
162,2019111801004809,SCB,22,52,55,553,30415.00,2019-11-18 15:02:44.516023
163,2019111801004810,SCB,41,52,50,553,27650.00,2019-11-18 15:02:44.516023
164,2019111801004811,SCB,7,52,285,553,157605.00,2019-11-18 15:02:44.516023
165,2019111801004812,GMFBS,29,32,10,496,4960.00,2019-11-18 15:02:44.516023
166,2019111801004813,SABSL,36,6,50,554,27700.00,2019-11-18 15:02:44.516023
167,2019111801004814,NMB,3,32,950,386,366700.00,2019-11-18 15:02:44.516023
168,2019111801004815,UPPER,8,36,50,226,11300.00,2019-11-18 15:02:44.516023
169,2019111801004816,SKBBL,39,54,45,945,42525.00,2019-11-18 15:02:44.516023
170,2019111801004817,SABSL,34,29,30,552,16560.00,2019-11-18 15:02:44.516023
171,2019111801004818,EBL,35,43,20,553,11060.00,2019-11-18 15:02:44.516023
172,2019111801004819,EBL,17,43,30,553,16590.00,2019-11-18 15:02:44.516023
173,2019111801004820,NABIL,57,47,67,755,50585.00,2019-11-18 15:02:44.516023
174,2019111801004821,NABIL,57,47,50,755,37750.00,2019-11-18 15:02:44.516023
175,2019111801004822,NABIL,57,47,100,755,75500.00,2019-11-18 15:02:44.516023
176,2019111801004823,NABIL,57,47,49,755,36995.00,2019-11-18 15:02:44.516023
177,2019111801004824,GLICL,25,35,240,356,85440.00,2019-11-18 15:02:44.516023
178,2019111801004825,GLICL,6,35,28,355,9940.00,2019-11-18 15:02:44.516023
179,2019111801004826,GLICL,54,35,32,355,11360.00,2019-11-18 15:02:44.516023
180,2019111801004827,PRVU,39,38,3662,228,834936.00,2019-11-18 15:02:44.516023
181,2019111801004828,SJCL,11,58,30,158,4740.00,2019-11-18 15:02:44.516023
182,2019111801004829,NMB,50,32,88,386,33968.00,2019-11-18 15:02:44.516023
183,2019111801004830,SCB,7,7,20,553,11060.00,2019-11-18 15:02:44.516023
184,2019111801004831,SLBSL,47,41,10,710,7100.00,2019-11-18 15:02:44.516023
185,2019111801004832,SLBSL,47,50,10,711,7110.00,2019-11-18 15:02:44.516023
186,2019111801004833,NMBMF,11,57,10,485,4850.00,2019-11-18 15:02:44.516023
187,2019111801004834,SJCL,6,58,100,158,15800.00,2019-11-18 15:02:44.516023
188,2019111801004835,SANIMA,25,52,100,307,30700.00,2019-11-18 15:02:44.516023
189,2019111801004740,NLICL,25,39,10,420,4200.00,2019-11-18 15:02:44.516023
190,2019111801004741,AKBSL,20,58,10,435,4350.00,2019-11-18 15:02:44.516023
191,2019111801004742,UPCL,55,38,50,70,3500.00,2019-11-18 15:02:44.516023
192,2019111801004743,PLIC,1,7,13,300,3900.00,2019-11-18 15:02:44.516023
193,2019111801004744,CHCL,6,40,15,352,5280.00,2019-11-18 15:02:44.516023
194,2019111801004745,CHCL,28,40,285,351,100035.00,2019-11-18 15:02:44.516023
195,2019111801004746,NMB,53,35,200,386,77200.00,2019-11-18 15:02:44.516023
196,2019111801004747,HGI,17,37,35,246,8610.00,2019-11-18 15:02:44.516023
197,2019111801004748,HGI,42,37,405,245,99225.00,2019-11-18 15:02:44.516023
198,2019111801004749,UPCL,55,38,850,70,59500.00,2019-11-18 15:02:44.516023
199,2019111801004750,GMFBS,29,25,10,496,4960.00,2019-11-18 15:02:44.516023
200,2019111801004751,NHPC,22,51,40,51,2040.00,2019-11-18 15:02:44.516023
201,2019111801004752,UPPER,29,29,50,227,11350.00,2019-11-18 15:02:44.516023
202,2019111801004753,UPPER,29,29,40,227,9080.00,2019-11-18 15:02:44.516023
203,2019111801004754,UPPER,29,29,40,227,9080.00,2019-11-18 15:02:44.516023
204,2019111801004755,UPPER,29,29,50,227,11350.00,2019-11-18 15:02:44.516023
205,2019111801004756,EBL,17,1,200,553,110600.00,2019-11-18 15:02:44.516023
206,2019111801004757,SLBSL,25,19,20,704,14080.00,2019-11-18 15:02:44.516023
207,2019111801004758,ILBS,11,58,10,470,4700.00,2019-11-18 15:02:44.516023
208,2019111801004759,UPCL,55,38,100,70,7000.00,2019-11-18 15:02:44.516023
209,2019111801004760,UPCL,34,38,450,70,31500.00,2019-11-18 15:02:44.516023
210,2019111801004761,SANIMA,4,14,73,306,22338.00,2019-11-18 15:02:44.516023
211,2019111801004762,PRVU,56,33,120,229,27480.00,2019-11-18 15:02:44.516023
212,2019111801004763,PRVU,56,51,380,229,87020.00,2019-11-18 15:02:44.516023
213,2019111801004764,KRBL,8,19,62,102,6324.00,2019-11-18 15:02:44.516023
214,2019111801004765,KRBL,8,29,250,102,25500.00,2019-11-18 15:02:44.516023
215,2019111801004766,GMFBS,29,28,10,496,4960.00,2019-11-18 15:02:44.516023
216,2019111801004767,SDESI,56,25,12,638,7656.00,2019-11-18 15:02:44.516023
217,2019111801004768,SDESI,42,25,20,635,12700.00,2019-11-18 15:02:44.516023
218,2019111801004769,SDESI,45,25,73,635,46355.00,2019-11-18 15:02:44.516023
219,2019111801004651,SHIVM,26,4,20,425,8500.00,2019-11-18 15:02:44.516023
220,2019111801004652,SHIVM,48,4,100,423,42300.00,2019-11-18 15:02:44.516023
221,2019111801004653,SHIVM,57,4,200,422,84400.00,2019-11-18 15:02:44.516023
222,2019111801004654,SHL,22,35,228,204,46512.00,2019-11-18 15:02:44.516023
223,2019111801004655,PLIC,48,7,50,308,15400.00,2019-11-18 15:02:44.516023
224,2019111801004656,PLIC,5,7,100,307,30700.00,2019-11-18 15:02:44.516023
225,2019111801004657,PLIC,57,7,190,307,58330.00,2019-11-18 15:02:44.516023
226,2019111801004658,PLIC,35,7,500,306,153000.00,2019-11-18 15:02:44.516023
227,2019111801004659,PLIC,54,7,60,305,18300.00,2019-11-18 15:02:44.516023
228,2019111801004660,PLIC,45,7,200,303,60600.00,2019-11-18 15:02:44.516023
229,2019111801004661,PLIC,20,7,510,303,154530.00,2019-11-18 15:02:44.516023
230,2019111801004662,PLIC,16,7,100,303,30300.00,2019-11-18 15:02:44.516023
231,2019111801004663,PLIC,52,7,1000,303,303000.00,2019-11-18 15:02:44.516023
232,2019111801004664,PLIC,29,7,400,303,121200.00,2019-11-18 15:02:44.516023
233,2019111801004665,GLBSL,42,28,10,400,4000.00,2019-11-18 15:02:44.516023
234,2019111801004666,AKJCL,48,42,10,56,560.00,2019-11-18 15:02:44.516023
235,2019111801004667,PRIN,53,16,200,312,62400.00,2019-11-18 15:02:44.516023
236,2019111801004668,NBL,17,22,115,319,36685.00,2019-11-18 15:02:44.516023
237,2019111801004669,NBL,47,22,100,319,31900.00,2019-11-18 15:02:44.516023
238,2019111801004670,NBL,5,22,50,319,15950.00,2019-11-18 15:02:44.516023
239,2019111801004671,NBL,43,22,200,319,63800.00,2019-11-18 15:02:44.516023
240,2019111801004672,NBL,52,22,135,319,43065.00,2019-11-18 15:02:44.516023
241,2019111801004673,NLICL,34,35,100,415,41500.00,2019-11-18 15:02:44.516023
242,2019111801004674,NLICL,29,35,21,415,8715.00,2019-11-18 15:02:44.516023
243,2019111801004675,PRVU,39,6,125,228,28500.00,2019-11-18 15:02:44.516023
244,2019111801004676,NLG,53,49,82,528,43296.00,2019-11-18 15:02:44.516023
245,2019111801004677,NLG,38,49,200,527,105400.00,2019-11-18 15:02:44.516023
246,2019111801004678,NMB,25,35,50,386,19300.00,2019-11-18 15:02:44.516023
247,2019111801004679,NMB,57,35,300,386,115800.00,2019-11-18 15:02:44.516023
248,2019111801004680,SHIVM,22,4,120,421,50520.00,2019-11-18 15:02:44.516023
249,2019111801004681,AKBSL,20,58,10,435,4350.00,2019-11-18 15:02:44.516023
250,2019111801004682,PPCL,45,28,10,108,1080.00,2019-11-18 15:02:44.516023
251,2019111801004683,NMFBS,36,39,15,1720,25800.00,2019-11-18 15:02:44.516023
252,2019111801004684,SABSL,19,6,30,554,16620.00,2019-11-18 15:02:44.516023
253,2019111801004685,UPPER,51,51,157,226,35482.00,2019-11-18 15:02:44.516023
254,2019111801004686,UPPER,11,51,100,226,22600.00,2019-11-18 15:02:44.516023
255,2019111801004687,UPPER,8,51,343,226,77518.00,2019-11-18 15:02:44.516023
256,2019111801004688,NTC,25,22,10,624,6240.00,2019-11-18 15:02:44.516023
257,2019111801004689,NMB,39,35,1000,386,386000.00,2019-11-18 15:02:44.516023
258,2019111801004690,NABIL,25,47,48,755,36240.00,2019-11-18 15:02:44.516023
259,2019111801004691,UPCL,33,38,350,71,24850.00,2019-11-18 15:02:44.516023
260,2019111801004692,UPCL,34,38,300,70,21000.00,2019-11-18 15:02:44.516023
261,2019111801004693,AKJCL,48,42,10,56,560.00,2019-11-18 15:02:44.516023
262,2019111801004694,HBL,21,40,30,479,14370.00,2019-11-18 15:02:44.516023
263,2019111801004695,HBL,28,40,72,478,34416.00,2019-11-18 15:02:44.516023
264,2019111801004696,CFCL,11,51,20,113,2260.00,2019-11-18 15:02:44.516023
265,2019111801004697,GBBL,35,11,225,224,50400.00,2019-11-18 15:02:44.516023
266,2019111801004698,RMDC,5,43,40,589,23560.00,2019-11-18 15:02:44.516023
267,2019111801004699,RMDC,17,43,10,588,5880.00,2019-11-18 15:02:44.516023
268,2019111801004700,RMDC,6,43,20,588,11760.00,2019-11-18 15:02:44.516023
269,2019111801004701,RMDC,29,43,30,587,17610.00,2019-11-18 15:02:44.516023
270,2019111801004702,SHIVM,42,36,50,424,21200.00,2019-11-18 15:02:44.516023
271,2019111801004703,RHPL,34,28,20,164,3280.00,2019-11-18 15:02:44.516023
272,2019111801004704,FMDBL,52,57,34,305,10370.00,2019-11-18 15:02:44.516023
273,2019111801004705,FMDBL,42,57,100,305,30500.00,2019-11-18 15:02:44.516023
274,2019111801004706,LLBS,37,33,30,685,20550.00,2019-11-18 15:02:44.516023
275,2019111801004707,NMFBS,36,39,15,1720,25800.00,2019-11-18 15:02:44.516023
276,2019111801004708,AKBSL,20,58,10,435,4350.00,2019-11-18 15:02:44.516023
277,2019111801004709,NCCB,52,45,329,201,66129.00,2019-11-18 15:02:44.516023
278,2019111801004710,NCCB,52,45,200,201,40200.00,2019-11-18 15:02:44.516023
279,2019111801004711,NCCB,49,45,1000,201,201000.00,2019-11-18 15:02:44.516023
280,2019111801004712,NLIC,25,29,10,793,7930.00,2019-11-18 15:02:44.516023
281,2019111801004713,SABSL,19,6,10,554,5540.00,2019-11-18 15:02:44.516023
282,2019111801004714,SKBBL,42,42,50,940,47000.00,2019-11-18 15:02:44.516023
283,2019111801004715,RHPL,35,8,40,165,6600.00,2019-11-18 15:02:44.516023
284,2019111801004716,RHPL,35,17,10,165,1650.00,2019-11-18 15:02:44.516023
285,2019111801004717,RHPL,35,7,40,165,6600.00,2019-11-18 15:02:44.516023
286,2019111801004718,RHPL,35,41,40,165,6600.00,2019-11-18 15:02:44.516023
287,2019111801004719,RHPL,35,39,10,165,1650.00,2019-11-18 15:02:44.516023
288,2019111801004720,RHPL,35,39,10,165,1650.00,2019-11-18 15:02:44.516023
289,2019111801004721,RHPL,35,39,50,165,8250.00,2019-11-18 15:02:44.516023
290,2019111801004722,RHPL,35,39,10,165,1650.00,2019-11-18 15:02:44.516023
291,2019111801004723,RHPL,35,39,10,165,1650.00,2019-11-18 15:02:44.516023
292,2019111801004724,RHPL,35,39,10,165,1650.00,2019-11-18 15:02:44.516023
293,2019111801004725,RHPL,35,39,10,165,1650.00,2019-11-18 15:02:44.516023
294,2019111801004726,RHPL,35,39,30,165,4950.00,2019-11-18 15:02:44.516023
295,2019111801004727,RHPL,35,44,40,165,6600.00,2019-11-18 15:02:44.516023
296,2019111801004728,RHPL,35,34,100,165,16500.00,2019-11-18 15:02:44.516023
297,2019111801004729,RHPL,35,17,40,165,6600.00,2019-11-18 15:02:44.516023
298,2019111801004730,SJCL,52,28,20,157,3140.00,2019-11-18 15:02:44.516023
299,2019111801004731,UPCL,17,38,200,70,14000.00,2019-11-18 15:02:44.516023
300,2019111801004732,UPCL,34,38,500,70,35000.00,2019-11-18 15:02:44.516023
301,2019111801004733,UPCL,40,38,200,70,14000.00,2019-11-18 15:02:44.516023
302,2019111801004734,SBL,59,40,200,284,56800.00,2019-11-18 15:02:44.516023
303,2019111801004735,SBL,32,40,100,284,28400.00,2019-11-18 15:02:44.516023
304,2019111801004736,SBL,47,40,100,284,28400.00,2019-11-18 15:02:44.516023
305,2019111801004737,SBL,21,40,200,284,56800.00,2019-11-18 15:02:44.516023
306,2019111801004738,SBL,49,40,400,284,113600.00,2019-11-18 15:02:44.516023
307,2019111801004739,GILB,44,22,20,721,14420.00,2019-11-18 15:02:44.516023
308,2019111801004604,GBBL,1,11,226,224,50624.00,2019-11-18 15:02:44.516023
309,2019111801004605,NTC,59,45,10,622,6220.00,2019-11-18 15:02:44.516023
310,2019111801004606,NMB,25,32,50,386,19300.00,2019-11-18 15:02:44.516023
311,2019111801004607,UPCL,34,38,100,70,7000.00,2019-11-18 15:02:44.516023
312,2019111801004608,SPARS,38,28,10,526,5260.00,2019-11-18 15:02:44.516023
313,2019111801004609,NMB,43,32,1000,386,386000.00,2019-11-18 15:02:44.516023
314,2019111801004610,RSDC,53,6,80,294,23520.00,2019-11-18 15:02:44.516023
315,2019111801004611,NIB,34,38,100,418,41800.00,2019-11-18 15:02:44.516023
316,2019111801004612,LGIL,49,33,606,315,190890.00,2019-11-18 15:02:44.516023
317,2019111801004613,UPCL,42,22,50,71,3550.00,2019-11-18 15:02:44.516023
318,2019111801004614,EDBL,36,58,300,275,82500.00,2019-11-18 15:02:44.516023
319,2019111801004615,EDBL,52,58,300,274,82200.00,2019-11-18 15:02:44.516023
320,2019111801004616,NADEP,29,6,100,395,39500.00,2019-11-18 15:02:44.516023
321,2019111801004617,UPCL,42,38,100,71,7100.00,2019-11-18 15:02:44.516023
322,2019111801004618,PRIN,53,16,200,312,62400.00,2019-11-18 15:02:44.516023
323,2019111801004619,TRH,17,4,150,261,39150.00,2019-11-18 15:02:44.516023
324,2019111801004620,NICL,25,28,10,258,2580.00,2019-11-18 15:02:44.516023
325,2019111801004621,HDL,6,26,10,1760,17600.00,2019-11-18 15:02:44.516023
326,2019111801004622,HDL,45,26,20,1760,35200.00,2019-11-18 15:02:44.516023
327,2019111801004623,HDL,53,26,20,1760,35200.00,2019-11-18 15:02:44.516023
328,2019111801004624,HDL,55,26,50,1760,88000.00,2019-11-18 15:02:44.516023
329,2019111801004625,NBL,49,48,55,319,17545.00,2019-11-18 15:02:44.516023
330,2019111801004626,NBL,5,48,110,319,35090.00,2019-11-18 15:02:44.516023
331,2019111801004627,NBL,59,48,100,319,31900.00,2019-11-18 15:02:44.516023
332,2019111801004628,NBL,57,48,200,319,63800.00,2019-11-18 15:02:44.516023
333,2019111801004629,NBL,17,48,35,319,11165.00,2019-11-18 15:02:44.516023
334,2019111801004630,ILBS,11,45,10,470,4700.00,2019-11-18 15:02:44.516023
335,2019111801004631,CCBL,52,51,383,162,62046.00,2019-11-18 15:02:44.516023
336,2019111801004632,CCBL,52,45,117,162,18954.00,2019-11-18 15:02:44.516023
337,2019111801004633,UPPER,51,28,40,226,9040.00,2019-11-18 15:02:44.516023
338,2019111801004634,NLIC,43,41,20,791,15820.00,2019-11-18 15:02:44.516023
339,2019111801004635,AKJCL,49,42,10,56,560.00,2019-11-18 15:02:44.516023
340,2019111801004636,NMB,3,32,200,386,77200.00,2019-11-18 15:02:44.516023
341,2019111801004637,NMB,54,32,41,386,15826.00,2019-11-18 15:02:44.516023
342,2019111801004638,NMB,54,35,309,386,119274.00,2019-11-18 15:02:44.516023
343,2019111801004639,PLIC,7,7,32,311,9952.00,2019-11-18 15:02:44.516023
344,2019111801004640,PLIC,42,7,20,311,6220.00,2019-11-18 15:02:44.516023
345,2019111801004641,PLIC,52,7,50,310,15500.00,2019-11-18 15:02:44.516023
346,2019111801004642,PLIC,5,7,55,309,16995.00,2019-11-18 15:02:44.516023
347,2019111801004643,PLIC,14,7,170,309,52530.00,2019-11-18 15:02:44.516023
348,2019111801004644,PLIC,25,7,50,309,15450.00,2019-11-18 15:02:44.516023
349,2019111801004645,PLIC,37,7,500,309,154500.00,2019-11-18 15:02:44.516023
350,2019111801004646,ALBSL,48,28,10,403,4030.00,2019-11-18 15:02:44.516023
351,2019111801004647,UPPER,25,58,270,227,61290.00,2019-11-18 15:02:44.516023
352,2019111801004648,UPPER,25,45,10,228,2280.00,2019-11-18 15:02:44.516023
353,2019111801004649,UPCL,42,38,850,71,60350.00,2019-11-18 15:02:44.516023
354,2019111801004650,UPCL,33,38,150,71,10650.00,2019-11-18 15:02:44.516023
355,2019111801004581,RHPL,40,36,40,163,6520.00,2019-11-18 15:02:44.516023
356,2019111801004582,UPCL,43,38,490,71,34790.00,2019-11-18 15:02:44.516023
357,2019111801004583,UPCL,58,38,300,71,21300.00,2019-11-18 15:02:44.516023
358,2019111801004584,UPCL,8,38,200,71,14200.00,2019-11-18 15:02:44.516023
359,2019111801004585,UPCL,34,38,300,70,21000.00,2019-11-18 15:02:44.516023
360,2019111801004586,UPCL,34,38,10,70,700.00,2019-11-18 15:02:44.516023
361,2019111801004587,NMB,1,32,100,386,38600.00,2019-11-18 15:02:44.516023
362,2019111801004588,GMFBS,40,28,10,495,4950.00,2019-11-18 15:02:44.516023
363,2019111801004589,TRH,17,45,30,261,7830.00,2019-11-18 15:02:44.516023
364,2019111801004590,NMB,52,32,100,386,38600.00,2019-11-18 15:02:44.516023
365,2019111801004591,PPCL,45,28,10,108,1080.00,2019-11-18 15:02:44.516023
366,2019111801004592,PRIN,19,16,100,312,31200.00,2019-11-18 15:02:44.516023
367,2019111801004593,JBBL,45,52,100,161,16100.00,2019-11-18 15:02:44.516023
368,2019111801004594,RHPL,34,28,20,164,3280.00,2019-11-18 15:02:44.516023
369,2019111801004595,UPCL,34,38,90,70,6300.00,2019-11-18 15:02:44.516023
370,2019111801004596,DBBL,1,38,500,123,61500.00,2019-11-18 15:02:44.516023
371,2019111801004597,SHIVM,25,41,15,426,6390.00,2019-11-18 15:02:44.516023
372,2019111801004598,MEGA,28,26,24,184,4416.00,2019-11-18 15:02:44.516023
373,2019111801004599,MEGA,14,26,50,184,9200.00,2019-11-18 15:02:44.516023
374,2019111801004600,MEGA,16,26,134,184,24656.00,2019-11-18 15:02:44.516023
375,2019111801004601,DBBL,17,38,1422,123,174906.00,2019-11-18 15:02:44.516023
376,2019111801004602,SJCL,52,28,20,157,3140.00,2019-11-18 15:02:44.516023
377,2019111801004603,NMB,51,32,120,386,46320.00,2019-11-18 15:02:44.516023
378,2019111801004554,UPPER,50,58,170,227,38590.00,2019-11-18 15:02:44.516023
379,2019111801004555,UPPER,58,58,60,227,13620.00,2019-11-18 15:02:44.516023
380,2019111801004556,NLIC,58,40,25,791,19775.00,2019-11-18 15:02:44.516023
381,2019111801004557,NLIC,58,40,28,791,22148.00,2019-11-18 15:02:44.516023
382,2019111801004558,NLIC,32,40,50,791,39550.00,2019-11-18 15:02:44.516023
383,2019111801004559,NLIC,43,40,347,791,274477.00,2019-11-18 15:02:44.516023
384,2019111801004560,UPCL,43,38,100,73,7300.00,2019-11-18 15:02:44.516023
385,2019111801004561,RSDC,21,6,20,294,5880.00,2019-11-18 15:02:44.516023
386,2019111801004562,ADBL,39,14,950,417,396150.00,2019-11-18 15:02:44.516023
387,2019111801004563,ADBL,39,6,200,417,83400.00,2019-11-18 15:02:44.516023
388,2019111801004564,ADBL,39,16,1000,417,417000.00,2019-11-18 15:02:44.516023
389,2019111801004565,LICN,35,59,20,990,19800.00,2019-11-18 15:02:44.516023
390,2019111801004566,UPCL,33,38,500,72,36000.00,2019-11-18 15:02:44.516023
391,2019111801004567,HIDCL,46,14,239,130,31070.00,2019-11-18 15:02:44.516023
392,2019111801004568,NMB,25,32,100,386,38600.00,2019-11-18 15:02:44.516023
393,2019111801004569,NIB,28,38,300,418,125400.00,2019-11-18 15:02:44.516023
394,2019111801004570,KRBL,6,1,10,100,1000.00,2019-11-18 15:02:44.516023
395,2019111801004571,KRBL,41,1,500,100,50000.00,2019-11-18 15:02:44.516023
396,2019111801004572,NBL,22,38,20,320,6400.00,2019-11-18 15:02:44.516023
397,2019111801004573,SHIVM,26,48,480,425,204000.00,2019-11-18 15:02:44.516023
398,2019111801004574,BOKL,16,1,200,218,43600.00,2019-11-18 15:02:44.516023
399,2019111801004575,UPPER,51,28,50,226,11300.00,2019-11-18 15:02:44.516023
400,2019111801004576,UPCL,6,38,50,71,3550.00,2019-11-18 15:02:44.516023
401,2019111801004577,UPCL,57,38,500,71,35500.00,2019-11-18 15:02:44.516023
402,2019111801004578,UPCL,36,38,200,71,14200.00,2019-11-18 15:02:44.516023
403,2019111801004579,UPCL,43,38,10,71,710.00,2019-11-18 15:02:44.516023
404,2019111801004580,NICA,52,28,200,417,83400.00,2019-11-18 15:02:44.516023
405,2019111801004519,VLBS,39,33,18,583,10494.00,2019-11-18 15:02:44.516023
406,2019111801004520,MERO,19,25,100,422,42200.00,2019-11-18 15:02:44.516023
407,2019111801004521,HPPL,52,28,10,134,1340.00,2019-11-18 15:02:44.516023
408,2019111801004522,NBB,56,6,286,205,58630.00,2019-11-18 15:02:44.516023
409,2019111801004523,NBB,56,33,714,205,146370.00,2019-11-18 15:02:44.516023
410,2019111801004524,LBBL,8,58,670,170,113900.00,2019-11-18 15:02:44.516023
411,2019111801004525,LBBL,37,58,50,170,8500.00,2019-11-18 15:02:44.516023
412,2019111801004526,LBBL,33,58,130,170,22100.00,2019-11-18 15:02:44.516023
413,2019111801004527,RHPC,4,48,1000,73,73000.00,2019-11-18 15:02:44.516023
414,2019111801004528,RHPC,42,48,1000,73,73000.00,2019-11-18 15:02:44.516023
415,2019111801004529,RHPL,59,46,40,164,6560.00,2019-11-18 15:02:44.516023
416,2019111801004530,NMB,6,32,1569,386,605634.00,2019-11-18 15:02:44.516023
417,2019111801004531,NMB,19,32,300,386,115800.00,2019-11-18 15:02:44.516023
418,2019111801004532,NMB,44,32,200,386,77200.00,2019-11-18 15:02:44.516023
419,2019111801004533,NMB,42,32,200,386,77200.00,2019-11-18 15:02:44.516023
420,2019111801004534,NMB,20,32,500,386,193000.00,2019-11-18 15:02:44.516023
421,2019111801004535,SKBBL,44,38,20,935,18700.00,2019-11-18 15:02:44.516023
422,2019111801004536,SHIVM,21,48,180,424,76320.00,2019-11-18 15:02:44.516023
423,2019111801004537,SHIVM,21,48,200,425,85000.00,2019-11-18 15:02:44.516023
424,2019111801004538,SHIVM,21,48,20,425,8500.00,2019-11-18 15:02:44.516023
425,2019111801004539,CBL,57,49,100,138,13800.00,2019-11-18 15:02:44.516023
426,2019111801004540,CBL,51,49,1000,138,138000.00,2019-11-18 15:02:44.516023
427,2019111801004541,ILBS,55,33,10,469,4690.00,2019-11-18 15:02:44.516023
428,2019111801004542,HIDCL,51,14,261,130,33930.00,2019-11-18 15:02:44.516023
429,2019111801004543,HIDCL,52,14,300,130,39000.00,2019-11-18 15:02:44.516023
430,2019111801004544,HIDCL,52,14,200,130,26000.00,2019-11-18 15:02:44.516023
431,2019111801004545,NMB,57,32,500,386,193000.00,2019-11-18 15:02:44.516023
432,2019111801004546,PPCL,45,28,10,108,1080.00,2019-11-18 15:02:44.516023
433,2019111801004547,NABIL,57,45,20,753,15060.00,2019-11-18 15:02:44.516023
434,2019111801004548,NMB,42,32,20,386,7720.00,2019-11-18 15:02:44.516023
435,2019111801004549,GUFL,10,25,500,112,56000.00,2019-11-18 15:02:44.516023
436,2019111801004550,UPCL,38,38,10,74,740.00,2019-11-18 15:02:44.516023
437,2019111801004551,NABIL,16,16,12,754,9048.00,2019-11-18 15:02:44.516023
438,2019111801004552,NABIL,16,43,90,755,67950.00,2019-11-18 15:02:44.516023
439,2019111801004553,NABIL,16,47,48,755,36240.00,2019-11-18 15:02:44.516023
440,2019111801004491,PCBL,34,52,153,270,41310.00,2019-11-18 15:02:44.516023
441,2019111801004492,PCBL,54,52,847,270,228690.00,2019-11-18 15:02:44.516023
442,2019111801004493,NBL,25,38,50,320,16000.00,2019-11-18 15:02:44.516023
443,2019111801004494,NIB,16,11,533,418,222794.00,2019-11-18 15:02:44.516023
444,2019111801004495,NMB,6,32,3431,386,1324366.00,2019-11-18 15:02:44.516023
445,2019111801004496,NICA,35,54,394,416,163904.00,2019-11-18 15:02:44.516023
446,2019111801004497,SJCL,59,36,20,157,3140.00,2019-11-18 15:02:44.516023
447,2019111801004498,AKPL,25,25,10,123,1230.00,2019-11-18 15:02:44.516023
448,2019111801004499,SJCL,59,34,560,157,87920.00,2019-11-18 15:02:44.516023
449,2019111801004500,SJCL,52,34,440,157,69080.00,2019-11-18 15:02:44.516023
450,2019111801004501,PCBL,54,52,400,270,108000.00,2019-11-18 15:02:44.516023
451,2019111801004502,PICL,16,22,100,407,40700.00,2019-11-18 15:02:44.516023
452,2019111801004503,NICL,37,38,50,253,12650.00,2019-11-18 15:02:44.516023
453,2019111801004504,UPPER,50,38,50,227,11350.00,2019-11-18 15:02:44.516023
454,2019111801004505,NABIL,43,40,90,754,67860.00,2019-11-18 15:02:44.516023
455,2019111801004506,NABIL,57,40,50,753,37650.00,2019-11-18 15:02:44.516023
456,2019111801004507,NABIL,57,40,14,753,10542.00,2019-11-18 15:02:44.516023
457,2019111801004508,AKPL,25,32,13,124,1612.00,2019-11-18 15:02:44.516023
458,2019111801004509,AKPL,25,51,14,125,1750.00,2019-11-18 15:02:44.516023
459,2019111801004510,MFIL,43,38,2000,127,254000.00,2019-11-18 15:02:44.516023
460,2019111801004511,NBL,11,47,40,319,12760.00,2019-11-18 15:02:44.516023
461,2019111801004512,NBL,51,47,100,319,31900.00,2019-11-18 15:02:44.516023
462,2019111801004513,NBL,49,47,1510,319,481690.00,2019-11-18 15:02:44.516023
463,2019111801004514,GBLBS,43,33,15,300,4500.00,2019-11-18 15:02:44.516023
464,2019111801004515,UPPER,50,46,230,227,52210.00,2019-11-18 15:02:44.516023
465,2019111801004516,PRIN,5,48,45,311,13995.00,2019-11-18 15:02:44.516023
466,2019111801004517,PRIN,57,48,55,311,17105.00,2019-11-18 15:02:44.516023
467,2019111801004518,ADBL,40,57,500,416,208000.00,2019-11-18 15:02:44.516023
468,2019111801004469,SABSL,28,51,200,553,110600.00,2019-11-18 15:02:44.516023
469,2019111801004470,SABSL,22,51,100,553,55300.00,2019-11-18 15:02:44.516023
470,2019111801004471,API,43,41,500,105,52500.00,2019-11-18 15:02:44.516023
471,2019111801004472,API,43,43,100,105,10500.00,2019-11-18 15:02:44.516023
472,2019111801004473,API,43,45,1200,105,126000.00,2019-11-18 15:02:44.516023
473,2019111801004474,SCB,22,40,20,553,11060.00,2019-11-18 15:02:44.516023
474,2019111801004475,LICN,25,25,10,989,9890.00,2019-11-18 15:02:44.516023
475,2019111801004476,SABSL,34,32,10,552,5520.00,2019-11-18 15:02:44.516023
476,2019111801004477,PCBL,1,43,100,270,27000.00,2019-11-18 15:02:44.516023
477,2019111801004478,PCBL,34,43,47,270,12690.00,2019-11-18 15:02:44.516023
478,2019111801004479,GBBL,55,45,20,223,4460.00,2019-11-18 15:02:44.516023
479,2019111801004480,NMB,48,32,200,386,77200.00,2019-11-18 15:02:44.516023
480,2019111801004481,NICA,35,40,1000,416,416000.00,2019-11-18 15:02:44.516023
481,2019111801004482,SLBSL,19,44,10,709,7090.00,2019-11-18 15:02:44.516023
482,2019111801004483,NSEWA,42,29,10,385,3850.00,2019-11-18 15:02:44.516023
483,2019111801004484,CCBL,47,51,20,162,3240.00,2019-11-18 15:02:44.516023
484,2019111801004485,API,25,41,49,106,5194.00,2019-11-18 15:02:44.516023
485,2019111801004486,PIC,13,59,10,353,3530.00,2019-11-18 15:02:44.516023
486,2019111801004487,NMB,17,32,150,386,57900.00,2019-11-18 15:02:44.516023
487,2019111801004488,MNBBL,6,46,30,315,9450.00,2019-11-18 15:02:44.516023
488,2019111801004489,DBBL,50,40,52,122,6344.00,2019-11-18 15:02:44.516023
489,2019111801004490,AKBSL,20,33,10,435,4350.00,2019-11-18 15:02:44.516023
490,2019111801004445,SANIMA,49,14,100,307,30700.00,2019-11-18 15:02:44.516023
491,2019111801004446,SABSL,33,42,10,556,5560.00,2019-11-18 15:02:44.516023
492,2019111801004447,MHNL,52,45,10,78,780.00,2019-11-18 15:02:44.516023
493,2019111801004448,ILBS,43,47,10,468,4680.00,2019-11-18 15:02:44.516023
494,2019111801004449,NICA,49,28,100,417,41700.00,2019-11-18 15:02:44.516023
495,2019111801004450,SABSL,51,42,10,555,5550.00,2019-11-18 15:02:44.516023
496,2019111801004451,SLBBL,55,42,100,599,59900.00,2019-11-18 15:02:44.516023
497,2019111801004452,SLBBL,55,7,50,600,30000.00,2019-11-18 15:02:44.516023
498,2019111801004453,JBBL,45,58,200,161,32200.00,2019-11-18 15:02:44.516023
499,2019111801004454,RBCLPO,59,33,40,7220,288800.00,2019-11-18 15:02:44.516023
500,2019111801004455,NMFBS,37,40,15,1725,25875.00,2019-11-18 15:02:44.516023
501,2019111801004456,NMFBS,37,5,85,1725,146625.00,2019-11-18 15:02:44.516023
502,2019111801004457,NMFBS,37,32,100,1729,172900.00,2019-11-18 15:02:44.516023
503,2019111801004458,NMB,25,32,489,386,188754.00,2019-11-18 15:02:44.516023
504,2019111801004459,NMB,28,32,700,386,270200.00,2019-11-18 15:02:44.516023
505,2019111801004460,NMB,45,32,30,386,11580.00,2019-11-18 15:02:44.516023
506,2019111801004461,SBI,6,25,870,391,340170.00,2019-11-18 15:02:44.516023
507,2019111801004462,GMFIL,1,49,23,115,2645.00,2019-11-18 15:02:44.516023
508,2019111801004463,GMFIL,43,49,377,115,43355.00,2019-11-18 15:02:44.516023
509,2019111801004464,NABIL,6,16,75,755,56625.00,2019-11-18 15:02:44.516023
510,2019111801004465,NABIL,22,16,50,754,37700.00,2019-11-18 15:02:44.516023
511,2019111801004466,NABIL,42,16,20,754,15080.00,2019-11-18 15:02:44.516023
512,2019111801004467,UPPER,50,40,50,227,11350.00,2019-11-18 15:02:44.516023
513,2019111801004468,NICL,25,28,10,258,2580.00,2019-11-18 15:02:44.516023
514,2019111801004411,NMB,22,35,849,386,327714.00,2019-11-18 15:02:44.516023
515,2019111801004412,NMB,25,35,511,386,197246.00,2019-11-18 15:02:44.516023
516,2019111801004413,NIB,57,11,137,418,57266.00,2019-11-18 15:02:44.516023
517,2019111801004414,AKBSL,20,47,10,435,4350.00,2019-11-18 15:02:44.516023
518,2019111801004415,PPCL,45,22,10,109,1090.00,2019-11-18 15:02:44.516023
519,2019111801004416,PCBL,13,58,1700,270,459000.00,2019-11-18 15:02:44.516023
520,2019111801004417,NMB,44,59,90,387,34830.00,2019-11-18 15:02:44.516023
521,2019111801004418,PICL,49,22,200,414,82800.00,2019-11-18 15:02:44.516023
522,2019111801004419,SABSL,28,51,50,555,27750.00,2019-11-18 15:02:44.516023
523,2019111801004420,UPPER,19,22,10,226,2260.00,2019-11-18 15:02:44.516023
524,2019111801004421,UPPER,51,22,40,226,9040.00,2019-11-18 15:02:44.516023
525,2019111801004422,SJCL,59,46,20,157,3140.00,2019-11-18 15:02:44.516023
526,2019111801004423,ALICL,28,45,20,316,6320.00,2019-11-18 15:02:44.516023
527,2019111801004424,SABSL,36,47,10,554,5540.00,2019-11-18 15:02:44.516023
528,2019111801004425,SLBSL,25,32,10,704,7040.00,2019-11-18 15:02:44.516023
529,2019111801004426,NBB,54,54,10,204,2040.00,2019-11-18 15:02:44.516023
530,2019111801004427,RBCL,11,14,10,8246,82460.00,2019-11-18 15:02:44.516023
531,2019111801004428,RBCL,11,11,20,8250,165000.00,2019-11-18 15:02:44.516023
532,2019111801004429,RBCL,11,48,10,8404,84040.00,2019-11-18 15:02:44.516023
533,2019111801004430,SHIVM,25,48,20,424,8480.00,2019-11-18 15:02:44.516023
534,2019111801004431,NIL,13,43,190,377,71630.00,2019-11-18 15:02:44.516023
535,2019111801004432,LICN,20,29,10,973,9730.00,2019-11-18 15:02:44.516023
536,2019111801004433,HBL,28,16,20,485,9700.00,2019-11-18 15:02:44.516023
537,2019111801004434,HBL,52,16,20,481,9620.00,2019-11-18 15:02:44.516023
538,2019111801004435,HBL,32,16,50,481,24050.00,2019-11-18 15:02:44.516023
539,2019111801004436,HBL,11,16,30,480,14400.00,2019-11-18 15:02:44.516023
540,2019111801004437,SLBSL,25,32,10,704,7040.00,2019-11-18 15:02:44.516023
541,2019111801004438,AKPL,41,28,25,121,3025.00,2019-11-18 15:02:44.516023
542,2019111801004439,NIBPO,51,47,118,390,46020.00,2019-11-18 15:02:44.516023
543,2019111801004440,KSBBL,51,38,431,134,57754.00,2019-11-18 15:02:44.516023
544,2019111801004441,KSBBL,41,38,500,134,67000.00,2019-11-18 15:02:44.516023
545,2019111801004442,API,25,34,50,105,5250.00,2019-11-18 15:02:44.516023
546,2019111801004443,UPPER,51,51,713,226,161138.00,2019-11-18 15:02:44.516023
547,2019111801004444,MFIL,43,59,700,126,88200.00,2019-11-18 15:02:44.516023
548,2019111801004382,NBB,54,28,110,204,22440.00,2019-11-18 15:02:44.516023
549,2019111801004383,PPCL,45,22,30,109,3270.00,2019-11-18 15:02:44.516023
550,2019111801004384,SJCL,1,51,750,157,117750.00,2019-11-18 15:02:44.516023
551,2019111801004385,SJCL,45,51,50,157,7850.00,2019-11-18 15:02:44.516023
552,2019111801004386,SJCL,59,51,400,157,62800.00,2019-11-18 15:02:44.516023
553,2019111801004387,NIB,57,13,100,418,41800.00,2019-11-18 15:02:44.516023
554,2019111801004388,NICA,16,45,46,416,19136.00,2019-11-18 15:02:44.516023
555,2019111801004389,NICA,35,45,454,416,188864.00,2019-11-18 15:02:44.516023
556,2019111801004390,RHPC,14,48,33,73,2409.00,2019-11-18 15:02:44.516023
557,2019111801004391,RHPC,45,48,200,73,14600.00,2019-11-18 15:02:44.516023
558,2019111801004392,RHPC,14,48,200,73,14600.00,2019-11-18 15:02:44.516023
559,2019111801004393,RHPC,1,48,2000,73,146000.00,2019-11-18 15:02:44.516023
560,2019111801004394,RHPC,20,48,47,73,3431.00,2019-11-18 15:02:44.516023
561,2019111801004395,MFIL,43,59,300,126,37800.00,2019-11-18 15:02:44.516023
562,2019111801004396,UPPER,19,22,50,226,11300.00,2019-11-18 15:02:44.516023
563,2019111801004397,NMB,29,29,3,379,1137.00,2019-11-18 15:02:44.516023
564,2019111801004398,PIC,16,28,123,350,43050.00,2019-11-18 15:02:44.516023
565,2019111801004399,PCBL,51,58,300,270,81000.00,2019-11-18 15:02:44.516023
566,2019111801004400,NMB,49,59,100,387,38700.00,2019-11-18 15:02:44.516023
567,2019111801004401,SLICL,36,42,135,258,34830.00,2019-11-18 15:02:44.516023
568,2019111801004402,RHPL,55,26,40,165,6600.00,2019-11-18 15:02:44.516023
569,2019111801004403,NMB,51,59,70,387,27090.00,2019-11-18 15:02:44.516023
570,2019111801004404,GRDBL,45,43,50,101,5050.00,2019-11-18 15:02:44.516023
571,2019111801004405,ILBS,1,42,10,470,4700.00,2019-11-18 15:02:44.516023
572,2019111801004406,ILBS,1,39,10,470,4700.00,2019-11-18 15:02:44.516023
573,2019111801004407,SCB,25,16,192,555,106560.00,2019-11-18 15:02:44.516023
574,2019111801004408,ILBS,58,22,10,469,4690.00,2019-11-18 15:02:44.516023
575,2019111801004409,GUFL,3,43,20,110,2200.00,2019-11-18 15:02:44.516023
576,2019111801004410,RBCLPO,59,42,50,7220,361000.00,2019-11-18 15:02:44.516023
577,2019111801004352,NICA,49,28,100,417,41700.00,2019-11-18 15:02:44.516023
578,2019111801004353,PRVU,39,45,40,228,9120.00,2019-11-18 15:02:44.516023
579,2019111801004354,CZBIL,6,25,354,185,65490.00,2019-11-18 15:02:44.516023
580,2019111801004355,NBL,6,38,200,319,63800.00,2019-11-18 15:02:44.516023
581,2019111801004356,NBL,50,38,480,319,153120.00,2019-11-18 15:02:44.516023
582,2019111801004357,MBL,51,35,50,223,11150.00,2019-11-18 15:02:44.516023
583,2019111801004358,UPPER,14,45,40,226,9040.00,2019-11-18 15:02:44.516023
584,2019111801004359,NHPC,16,39,300,50,15000.00,2019-11-18 15:02:44.516023
585,2019111801004360,NHPC,26,39,70,50,3500.00,2019-11-18 15:02:44.516023
586,2019111801004361,NHPC,56,39,633,50,31650.00,2019-11-18 15:02:44.516023
587,2019111801004362,PPCL,45,22,30,109,3270.00,2019-11-18 15:02:44.516023
588,2019111801004363,NIB,49,21,50,418,20900.00,2019-11-18 15:02:44.516023
589,2019111801004364,NIB,57,21,13,418,5434.00,2019-11-18 15:02:44.516023
590,2019111801004365,MBL,28,35,231,222,51282.00,2019-11-18 15:02:44.516023
591,2019111801004366,UPPER,52,39,100,227,22700.00,2019-11-18 15:02:44.516023
592,2019111801004367,MDB,20,46,37,242,8954.00,2019-11-18 15:02:44.516023
593,2019111801004368,HDL,6,26,10,1765,17650.00,2019-11-18 15:02:44.516023
594,2019111801004369,SABSL,50,51,10,554,5540.00,2019-11-18 15:02:44.516023
595,2019111801004370,SABSL,36,51,50,554,27700.00,2019-11-18 15:02:44.516023
596,2019111801004371,SABSL,36,51,490,554,271460.00,2019-11-18 15:02:44.516023
597,2019111801004372,UPPER,19,22,40,226,9040.00,2019-11-18 15:02:44.516023
598,2019111801004373,NBL,50,25,20,319,6380.00,2019-11-18 15:02:44.516023
599,2019111801004374,NBL,19,25,260,319,82940.00,2019-11-18 15:02:44.516023
600,2019111801004375,ALICL,59,7,367,317,116339.00,2019-11-18 15:02:44.516023
601,2019111801004376,ALICL,42,7,20,317,6340.00,2019-11-18 15:02:44.516023
602,2019111801004377,ALICL,59,7,500,317,158500.00,2019-11-18 15:02:44.516023
603,2019111801004378,ALICL,28,7,213,316,67308.00,2019-11-18 15:02:44.516023
604,2019111801004379,NBL,19,29,40,319,12760.00,2019-11-18 15:02:44.516023
605,2019111801004380,NBL,11,29,10,319,3190.00,2019-11-18 15:02:44.516023
606,2019111801004381,LBBL,8,8,16,170,2720.00,2019-11-18 15:02:44.516023
607,2019111801004322,PFL,20,39,22,135,2970.00,2019-11-18 15:02:44.516023
608,2019111801004323,PRVU,39,54,10,228,2280.00,2019-11-18 15:02:44.516023
609,2019111801004324,GLICL,39,34,50,358,17900.00,2019-11-18 15:02:44.516023
610,2019111801004325,ILBS,58,29,10,469,4690.00,2019-11-18 15:02:44.516023
611,2019111801004326,ILBS,58,29,20,469,9380.00,2019-11-18 15:02:44.516023
612,2019111801004327,BOKL,49,25,50,217,10850.00,2019-11-18 15:02:44.516023
613,2019111801004328,BOKL,26,25,121,217,26257.00,2019-11-18 15:02:44.516023
614,2019111801004329,BOKL,6,25,194,217,42098.00,2019-11-18 15:02:44.516023
615,2019111801004330,NMB,11,46,349,386,134714.00,2019-11-18 15:02:44.516023
616,2019111801004331,NMB,49,46,300,386,115800.00,2019-11-18 15:02:44.516023
617,2019111801004332,NMB,40,46,200,386,77200.00,2019-11-18 15:02:44.516023
618,2019111801004333,MLBL,45,8,11,178,1958.00,2019-11-18 15:02:44.516023
619,2019111801004334,SJCL,1,54,10,157,1570.00,2019-11-18 15:02:44.516023
620,2019111801004335,FOWAD,49,34,49,1315,64435.00,2019-11-18 15:02:44.516023
621,2019111801004336,NMB,22,46,151,386,58286.00,2019-11-18 15:02:44.516023
622,2019111801004337,CBBL,22,45,15,975,14625.00,2019-11-18 15:02:44.516023
623,2019111801004338,CBBL,35,45,20,975,19500.00,2019-11-18 15:02:44.516023
624,2019111801004339,RRHP,47,44,10,98,980.00,2019-11-18 15:02:44.516023
625,2019111801004340,CBL,57,50,100,138,13800.00,2019-11-18 15:02:44.516023
626,2019111801004341,SRBL,26,54,10,212,2120.00,2019-11-18 15:02:44.516023
627,2019111801004342,AKBSL,20,45,10,435,4350.00,2019-11-18 15:02:44.516023
628,2019111801004343,NABIL,49,54,10,755,7550.00,2019-11-18 15:02:44.516023
629,2019111801004344,NABIL,49,39,90,756,68040.00,2019-11-18 15:02:44.516023
630,2019111801004345,NHPC,16,39,640,51,32640.00,2019-11-18 15:02:44.516023
631,2019111801004346,NHPC,58,39,1000,51,51000.00,2019-11-18 15:02:44.516023
632,2019111801004347,NHPC,49,39,40,51,2040.00,2019-11-18 15:02:44.516023
633,2019111801004348,PCBL,13,58,149,270,40230.00,2019-11-18 15:02:44.516023
634,2019111801004349,NBL,19,38,200,319,63800.00,2019-11-18 15:02:44.516023
635,2019111801004350,SJCL,1,44,20,157,3140.00,2019-11-18 15:02:44.516023
636,2019111801004351,MNBBL,33,11,70,314,21980.00,2019-11-18 15:02:44.516023
637,2019111801004276,NIB,25,34,23,419,9637.00,2019-11-18 15:02:44.516023
638,2019111801004277,UPCL,17,34,100,75,7500.00,2019-11-18 15:02:44.516023
639,2019111801004278,PCBL,8,52,450,270,121500.00,2019-11-18 15:02:44.516023
640,2019111801004279,CBL,17,33,183,138,25254.00,2019-11-18 15:02:44.516023
641,2019111801004280,CBL,17,52,500,138,69000.00,2019-11-18 15:02:44.516023
642,2019111801004281,CBL,17,55,317,138,43746.00,2019-11-18 15:02:44.516023
643,2019111801004282,NICL,37,35,13,253,3289.00,2019-11-18 15:02:44.516023
644,2019111801004283,GMFBS,37,44,10,497,4970.00,2019-11-18 15:02:44.516023
645,2019111801004284,NLIC,25,32,44,794,34936.00,2019-11-18 15:02:44.516023
646,2019111801004285,GBLBS,11,49,35,304,10640.00,2019-11-18 15:02:44.516023
647,2019111801004286,NBL,45,38,250,319,79750.00,2019-11-18 15:02:44.516023
648,2019111801004287,ADBL,39,46,49,415,20335.00,2019-11-18 15:02:44.516023
649,2019111801004288,SHIVM,22,57,59,421,24839.00,2019-11-18 15:02:44.516023
650,2019111801004289,NMB,11,35,251,386,96886.00,2019-11-18 15:02:44.516023
651,2019111801004290,NMB,11,46,500,386,193000.00,2019-11-18 15:02:44.516023
652,2019111801004291,UFL,19,39,30,176,5280.00,2019-11-18 15:02:44.516023
653,2019111801004292,UFL,53,39,15,175,2625.00,2019-11-18 15:02:44.516023
654,2019111801004293,AKPL,21,28,25,121,3025.00,2019-11-18 15:02:44.516023
655,2019111801004294,NCCB,52,8,95,201,19095.00,2019-11-18 15:02:44.516023
656,2019111801004295,MLBL,45,45,90,178,16020.00,2019-11-18 15:02:44.516023
657,2019111801004296,CCBL,14,43,214,161,34454.00,2019-11-18 15:02:44.516023
658,2019111801004297,GMFBS,32,58,20,497,9940.00,2019-11-18 15:02:44.516023
659,2019111801004298,GMFBS,37,58,150,497,74550.00,2019-11-18 15:02:44.516023
660,2019111801004299,SANIMA,4,22,500,306,153000.00,2019-11-18 15:02:44.516023
661,2019111801004300,NLICL,55,39,50,420,21000.00,2019-11-18 15:02:44.516023
662,2019111801004301,UFL,40,39,300,174,52200.00,2019-11-18 15:02:44.516023
663,2019111801004302,UFL,45,39,155,173,26815.00,2019-11-18 15:02:44.516023
664,2019111801004303,PRIN,5,22,65,311,20215.00,2019-11-18 15:02:44.516023
665,2019111801004304,CBL,25,55,183,138,25254.00,2019-11-18 15:02:44.516023
666,2019111801004305,CBL,25,50,17,138,2346.00,2019-11-18 15:02:44.516023
667,2019111801004306,CZBIL,6,35,35,185,6475.00,2019-11-18 15:02:44.516023
668,2019111801004307,PLIC,7,54,10,311,3110.00,2019-11-18 15:02:44.516023
669,2019111801004308,API,42,25,1863,104,193752.00,2019-11-18 15:02:44.516023
670,2019111801004309,API,36,25,100,104,10400.00,2019-11-18 15:02:44.516023
671,2019111801004310,API,41,25,37,104,3848.00,2019-11-18 15:02:44.516023
672,2019111801004311,MEGA,33,13,150,185,27750.00,2019-11-18 15:02:44.516023
673,2019111801004312,CCBL,14,45,10,161,1610.00,2019-11-18 15:02:44.516023
674,2019111801004313,NIB,21,11,140,418,58520.00,2019-11-18 15:02:44.516023
675,2019111801004314,NIB,38,11,30,418,12540.00,2019-11-18 15:02:44.516023
676,2019111801004315,NIB,32,11,25,418,10450.00,2019-11-18 15:02:44.516023
677,2019111801004316,NIB,22,11,10,418,4180.00,2019-11-18 15:02:44.516023
678,2019111801004317,NIB,33,11,125,418,52250.00,2019-11-18 15:02:44.516023
679,2019111801004318,NICA,16,45,54,416,22464.00,2019-11-18 15:02:44.516023
680,2019111801004319,PCBL,8,58,1151,270,310770.00,2019-11-18 15:02:44.516023
681,2019111801004320,PCBL,25,58,200,270,54000.00,2019-11-18 15:02:44.516023
682,2019111801004321,NBL,43,38,25,319,7975.00,2019-11-18 15:02:44.516023
683,2019111801004248,NABIL,7,47,200,755,151000.00,2019-11-18 15:02:44.516023
684,2019111801004249,NABIL,32,47,30,755,22650.00,2019-11-18 15:02:44.516023
685,2019111801004250,SJCL,1,8,20,157,3140.00,2019-11-18 15:02:44.516023
686,2019111801004251,LBL,43,29,33,217,7161.00,2019-11-18 15:02:44.516023
687,2019111801004252,CBL,19,45,136,137,18632.00,2019-11-18 15:02:44.516023
688,2019111801004253,SABSL,22,57,10,555,5550.00,2019-11-18 15:02:44.516023
689,2019111801004254,FMDBL,52,54,10,305,3050.00,2019-11-18 15:02:44.516023
690,2019111801004255,JOSHI,38,29,20,54,1080.00,2019-11-18 15:02:44.516023
691,2019111801004256,EBL,25,57,18,554,9972.00,2019-11-18 15:02:44.516023
692,2019111801004257,SANIMA,7,14,1000,307,307000.00,2019-11-18 15:02:44.516023
693,2019111801004258,PCBL,8,50,19,270,5130.00,2019-11-18 15:02:44.516023
694,2019111801004259,CCBL,38,45,17,161,2737.00,2019-11-18 15:02:44.516023
695,2019111801004260,CCBL,14,45,67,161,10787.00,2019-11-18 15:02:44.516023
696,2019111801004261,SJCL,1,8,20,157,3140.00,2019-11-18 15:02:44.516023
697,2019111801004262,GBBL,55,48,17,223,3791.00,2019-11-18 15:02:44.516023
698,2019111801004263,HPPL,45,54,10,134,1340.00,2019-11-18 15:02:44.516023
699,2019111801004264,NMB,40,35,200,386,77200.00,2019-11-18 15:02:44.516023
700,2019111801004265,LBL,43,25,119,217,25823.00,2019-11-18 15:02:44.516023
701,2019111801004266,NABIL,25,39,44,756,33264.00,2019-11-18 15:02:44.516023
702,2019111801004267,ALBSL,48,44,10,403,4030.00,2019-11-18 15:02:44.516023
703,2019111801004268,GMFBS,37,29,10,497,4970.00,2019-11-18 15:02:44.516023
704,2019111801004269,SABSL,32,51,20,555,11100.00,2019-11-18 15:02:44.516023
705,2019111801004270,SABSL,40,51,50,555,27750.00,2019-11-18 15:02:44.516023
706,2019111801004271,SABSL,22,51,30,555,16650.00,2019-11-18 15:02:44.516023
707,2019111801004272,NMB,11,35,1000,386,386000.00,2019-11-18 15:02:44.516023
708,2019111801004273,NICL,47,35,30,254,7620.00,2019-11-18 15:02:44.516023
709,2019111801004274,RHPL,57,8,10,163,1630.00,2019-11-18 15:02:44.516023
710,2019111801004275,RHPL,40,8,30,163,4890.00,2019-11-18 15:02:44.516023
711,2019111801004223,LGIL,49,35,200,315,63000.00,2019-11-18 15:02:44.516023
712,2019111801004224,SHIVM,45,4,40,427,17080.00,2019-11-18 15:02:44.516023
713,2019111801004225,AHPC,28,39,25,98,2450.00,2019-11-18 15:02:44.516023
714,2019111801004226,GLICL,39,43,130,358,46540.00,2019-11-18 15:02:44.516023
715,2019111801004227,UNHPL,6,29,50,54,2700.00,2019-11-18 15:02:44.516023
716,2019111801004228,NNLB,37,14,10,464,4640.00,2019-11-18 15:02:44.516023
717,2019111801004229,RHPL,57,54,50,163,8150.00,2019-11-18 15:02:44.516023
718,2019111801004230,PIC,37,39,59,350,20650.00,2019-11-18 15:02:44.516023
719,2019111801004231,PIC,53,39,309,349,107841.00,2019-11-18 15:02:44.516023
720,2019111801004232,SJCL,1,8,20,157,3140.00,2019-11-18 15:02:44.516023
721,2019111801004233,SHIVM,25,57,30,426,12780.00,2019-11-18 15:02:44.516023
722,2019111801004234,SHIVM,25,57,55,425,23375.00,2019-11-18 15:02:44.516023
723,2019111801004235,RHPL,52,54,20,164,3280.00,2019-11-18 15:02:44.516023
724,2019111801004236,RHPL,52,46,40,164,6560.00,2019-11-18 15:02:44.516023
725,2019111801004237,RHPL,52,32,40,164,6560.00,2019-11-18 15:02:44.516023
726,2019111801004238,RHPL,52,58,30,164,4920.00,2019-11-18 15:02:44.516023
727,2019111801004239,SABSL,28,51,50,556,27800.00,2019-11-18 15:02:44.516023
728,2019111801004240,SABSL,28,57,10,556,5560.00,2019-11-18 15:02:44.516023
729,2019111801004241,UNHPL,6,29,50,54,2700.00,2019-11-18 15:02:44.516023
730,2019111801004242,RHPL,57,54,40,163,6520.00,2019-11-18 15:02:44.516023
731,2019111801004243,SHIVM,25,57,50,424,21200.00,2019-11-18 15:02:44.516023
732,2019111801004244,MNBBL,55,45,10,313,3130.00,2019-11-18 15:02:44.516023
733,2019111801004245,NMB,29,35,449,386,173314.00,2019-11-18 15:02:44.516023
734,2019111801004246,NMB,39,35,100,386,38600.00,2019-11-18 15:02:44.516023
735,2019111801004247,SRBL,26,8,319,212,67628.00,2019-11-18 15:02:44.516023
736,2019111801004183,CHCL,8,25,109,350,38150.00,2019-11-18 15:02:44.516023
737,2019111801004184,SHIVM,58,35,60,428,25680.00,2019-11-18 15:02:44.516023
738,2019111801004185,SHIVM,58,48,140,428,59920.00,2019-11-18 15:02:44.516023
739,2019111801004186,SHIVM,19,48,50,428,21400.00,2019-11-18 15:02:44.516023
740,2019111801004187,SJCL,1,29,20,157,3140.00,2019-11-18 15:02:44.516023
741,2019111801004188,NIL,38,44,514,377,193778.00,2019-11-18 15:02:44.516023
742,2019111801004189,SABSL,28,42,10,556,5560.00,2019-11-18 15:02:44.516023
743,2019111801004190,NMB,40,51,16,386,6176.00,2019-11-18 15:02:44.516023
744,2019111801004191,NMB,19,51,18,386,6948.00,2019-11-18 15:02:44.516023
745,2019111801004192,NICL,6,25,80,254,20320.00,2019-11-18 15:02:44.516023
746,2019111801004193,NICL,42,25,20,254,5080.00,2019-11-18 15:02:44.516023
747,2019111801004194,NICL,53,25,500,253,126500.00,2019-11-18 15:02:44.516023
748,2019111801004195,NICL,37,25,400,253,101200.00,2019-11-18 15:02:44.516023
749,2019111801004196,NBL,56,38,200,319,63800.00,2019-11-18 15:02:44.516023
750,2019111801004197,HDL,6,39,67,1765,118255.00,2019-11-18 15:02:44.516023
751,2019111801004198,HDL,46,39,50,1762,88100.00,2019-11-18 15:02:44.516023
752,2019111801004199,HDL,44,39,10,1762,17620.00,2019-11-18 15:02:44.516023
753,2019111801004200,HDL,35,39,10,1761,17610.00,2019-11-18 15:02:44.516023
754,2019111801004201,HDL,49,39,100,1761,176100.00,2019-11-18 15:02:44.516023
755,2019111801004202,HDL,37,39,50,1760,88000.00,2019-11-18 15:02:44.516023
756,2019111801004203,HDL,3,39,10,1758,17580.00,2019-11-18 15:02:44.516023
757,2019111801004204,HDL,42,39,83,1757,145831.00,2019-11-18 15:02:44.516023
758,2019111801004205,NBL,6,38,65,319,20735.00,2019-11-18 15:02:44.516023
759,2019111801004206,SPDL,58,39,100,82,8200.00,2019-11-18 15:02:44.516023
760,2019111801004207,RHPL,57,29,40,163,6520.00,2019-11-18 15:02:44.516023
761,2019111801004208,NICL,25,28,10,257,2570.00,2019-11-18 15:02:44.516023
762,2019111801004209,NMB,19,46,482,386,186052.00,2019-11-18 15:02:44.516023
763,2019111801004210,NMB,29,46,18,386,6948.00,2019-11-18 15:02:44.516023
764,2019111801004211,NBL,35,38,300,319,95700.00,2019-11-18 15:02:44.516023
765,2019111801004212,JOSHI,38,29,20,54,1080.00,2019-11-18 15:02:44.516023
766,2019111801004213,SLICL,7,22,72,257,18504.00,2019-11-18 15:02:44.516023
767,2019111801004214,SLICL,54,22,202,256,51712.00,2019-11-18 15:02:44.516023
768,2019111801004215,NMB,29,51,33,386,12738.00,2019-11-18 15:02:44.516023
769,2019111801004216,SHIVM,41,48,10,428,4280.00,2019-11-18 15:02:44.516023
770,2019111801004217,SHIVM,41,36,90,429,38610.00,2019-11-18 15:02:44.516023
771,2019111801004218,HGI,45,41,15,246,3690.00,2019-11-18 15:02:44.516023
772,2019111801004219,HGI,17,41,15,246,3690.00,2019-11-18 15:02:44.516023
773,2019111801004220,SHIVM,25,4,20,427,8540.00,2019-11-18 15:02:44.516023
774,2019111801004221,RHPL,57,8,40,163,6520.00,2019-11-18 15:02:44.516023
775,2019111801004222,LBL,43,29,33,217,7161.00,2019-11-18 15:02:44.516023
776,2019111801004150,SFFIL,4,26,50,175,8750.00,2019-11-18 15:02:44.516023
777,2019111801004151,NBL,19,29,200,318,63600.00,2019-11-18 15:02:44.516023
778,2019111801004152,NBL,58,29,20,318,6360.00,2019-11-18 15:02:44.516023
779,2019111801004153,NBL,1,29,100,318,31800.00,2019-11-18 15:02:44.516023
780,2019111801004154,NBL,7,29,100,318,31800.00,2019-11-18 15:02:44.516023
781,2019111801004155,NBL,13,29,80,318,25440.00,2019-11-18 15:02:44.516023
782,2019111801004156,NBL,49,38,200,319,63800.00,2019-11-18 15:02:44.516023
783,2019111801004157,SHIVM,25,36,145,425,61625.00,2019-11-18 15:02:44.516023
784,2019111801004158,SHIVM,25,53,400,425,170000.00,2019-11-18 15:02:44.516023
785,2019111801004159,SHIVM,25,53,100,425,42500.00,2019-11-18 15:02:44.516023
786,2019111801004160,AHPC,28,39,15,98,1470.00,2019-11-18 15:02:44.516023
787,2019111801004161,SHIVM,25,29,90,426,38340.00,2019-11-18 15:02:44.516023
788,2019111801004162,SHIVM,25,34,80,426,34080.00,2019-11-18 15:02:44.516023
789,2019111801004163,SHL,34,38,500,202,101000.00,2019-11-18 15:02:44.516023
790,2019111801004164,SHL,7,38,300,202,60600.00,2019-11-18 15:02:44.516023
791,2019111801004165,SHL,32,38,200,202,40400.00,2019-11-18 15:02:44.516023
792,2019111801004166,SHL,43,38,100,202,20200.00,2019-11-18 15:02:44.516023
793,2019111801004167,NCCB,55,49,100,202,20200.00,2019-11-18 15:02:44.516023
794,2019111801004168,SHIVM,25,47,50,427,21350.00,2019-11-18 15:02:44.516023
795,2019111801004169,SJCL,1,6,20,157,3140.00,2019-11-18 15:02:44.516023
796,2019111801004170,MSMBS,42,44,22,480,10560.00,2019-11-18 15:02:44.516023
797,2019111801004171,NMB,40,51,36,386,13896.00,2019-11-18 15:02:44.516023
798,2019111801004172,ILBS,55,44,10,469,4690.00,2019-11-18 15:02:44.516023
799,2019111801004173,SABSL,28,42,10,556,5560.00,2019-11-18 15:02:44.516023
800,2019111801004174,SJCL,1,6,20,157,3140.00,2019-11-18 15:02:44.516023
801,2019111801004175,NBL,51,38,100,319,31900.00,2019-11-18 15:02:44.516023
802,2019111801004176,SJCL,1,6,20,157,3140.00,2019-11-18 15:02:44.516023
803,2019111801004177,NMB,40,51,37,386,14282.00,2019-11-18 15:02:44.516023
804,2019111801004178,NUBL,38,39,20,896,17920.00,2019-11-18 15:02:44.516023
805,2019111801004179,NUBL,38,39,107,896,95872.00,2019-11-18 15:02:44.516023
806,2019111801004180,NUBL,38,39,20,896,17920.00,2019-11-18 15:02:44.516023
807,2019111801004181,CHCL,16,25,241,351,84591.00,2019-11-18 15:02:44.516023
808,2019111801004182,CHCL,54,25,150,350,52500.00,2019-11-18 15:02:44.516023
809,2019111801004125,NMB,7,59,300,387,116100.00,2019-11-18 15:02:44.516023
810,2019111801004126,ALBSL,22,6,100,403,40300.00,2019-11-18 15:02:44.516023
811,2019111801004127,ALBSL,48,6,70,403,28210.00,2019-11-18 15:02:44.516023
812,2019111801004128,SHIVM,25,5,390,420,163800.00,2019-11-18 15:02:44.516023
813,2019111801004129,SHIVM,25,6,500,420,210000.00,2019-11-18 15:02:44.516023
814,2019111801004130,UNHPL,51,29,50,55,2750.00,2019-11-18 15:02:44.516023
815,2019111801004131,UMHL,17,29,10,101,1010.00,2019-11-18 15:02:44.516023
816,2019111801004132,NBL,41,38,170,319,54230.00,2019-11-18 15:02:44.516023
817,2019111801004133,NBL,32,38,100,319,31900.00,2019-11-18 15:02:44.516023
818,2019111801004134,NBL,22,38,30,319,9570.00,2019-11-18 15:02:44.516023
819,2019111801004135,NBL,34,38,220,319,70180.00,2019-11-18 15:02:44.516023
820,2019111801004136,NBL,25,38,400,319,127600.00,2019-11-18 15:02:44.516023
821,2019111801004137,NBL,52,38,1000,319,319000.00,2019-11-18 15:02:44.516023
822,2019111801004138,NBL,29,38,60,319,19140.00,2019-11-18 15:02:44.516023
823,2019111801004139,CHCL,43,25,76,353,26828.00,2019-11-18 15:02:44.516023
824,2019111801004140,CHCL,54,25,30,352,10560.00,2019-11-18 15:02:44.516023
825,2019111801004141,CHCL,48,25,15,352,5280.00,2019-11-18 15:02:44.516023
826,2019111801004142,CHCL,13,25,20,352,7040.00,2019-11-18 15:02:44.516023
827,2019111801004143,CHCL,42,25,200,352,70400.00,2019-11-18 15:02:44.516023
828,2019111801004144,CHCL,16,25,159,351,55809.00,2019-11-18 15:02:44.516023
829,2019111801004145,NMB,40,25,100,386,38600.00,2019-11-18 15:02:44.516023
830,2019111801004146,SADBL,8,45,20,136,2720.00,2019-11-18 15:02:44.516023
831,2019111801004147,SPARS,58,7,10,530,5300.00,2019-11-18 15:02:44.516023
832,2019111801004148,AKBSL,20,44,10,435,4350.00,2019-11-18 15:02:44.516023
833,2019111801004149,SHIVM,25,4,250,424,106000.00,2019-11-18 15:02:44.516023
834,2019111801004112,UPCL,17,45,50,75,3750.00,2019-11-18 15:02:44.516023
835,2019111801004113,UPCL,17,34,50,76,3800.00,2019-11-18 15:02:44.516023
836,2019111801004114,NIB,21,29,27,418,11286.00,2019-11-18 15:02:44.516023
837,2019111801004115,SCB,29,50,2,552,1104.00,2019-11-18 15:02:44.516023
838,2019111801004116,NICL,6,1,200,254,50800.00,2019-11-18 15:02:44.516023
839,2019111801004117,NIBPO,35,37,20,389,7780.00,2019-11-18 15:02:44.516023
840,2019111801004118,NIBPO,22,37,192,388,74496.00,2019-11-18 15:02:44.516023
841,2019111801004119,NIBPO,7,37,500,388,194000.00,2019-11-18 15:02:44.516023
842,2019111801004120,PRVU,11,29,16,227,3632.00,2019-11-18 15:02:44.516023
843,2019111801004121,MNBBL,55,6,79,313,24727.00,2019-11-18 15:02:44.516023
844,2019111801004122,NMB,7,1,30,386,11580.00,2019-11-18 15:02:44.516023
845,2019111801004123,NMB,40,1,61,386,23546.00,2019-11-18 15:02:44.516023
846,2019111801004124,NIB,4,34,25,419,10475.00,2019-11-18 15:02:44.516023
847,2019111801004092,CCBL,38,29,20,161,3220.00,2019-11-18 15:02:44.516023
848,2019111801004093,RLFL,1,28,432,108,46656.00,2019-11-18 15:02:44.516023
849,2019111801004094,AHPC,28,28,15,97,1455.00,2019-11-18 15:02:44.516023
850,2019111801004095,MEGA,1,8,50,185,9250.00,2019-11-18 15:02:44.516023
851,2019111801004096,RHPL,57,6,50,163,8150.00,2019-11-18 15:02:44.516023
852,2019111801004097,PRVU,22,16,80,228,18240.00,2019-11-18 15:02:44.516023
853,2019111801004098,PRVU,22,16,500,228,114000.00,2019-11-18 15:02:44.516023
854,2019111801004099,PRVU,22,35,2000,228,456000.00,2019-11-18 15:02:44.516023
855,2019111801004100,PRVU,22,45,410,228,93480.00,2019-11-18 15:02:44.516023
856,2019111801004101,SHIVM,38,22,10,419,4190.00,2019-11-18 15:02:44.516023
857,2019111801004102,SHIVM,32,22,40,419,16760.00,2019-11-18 15:02:44.516023
858,2019111801004103,JOSHI,38,29,20,54,1080.00,2019-11-18 15:02:44.516023
859,2019111801004104,NHPC,17,36,200,52,10400.00,2019-11-18 15:02:44.516023
860,2019111801004105,EBL,17,17,38,553,21014.00,2019-11-18 15:02:44.516023
861,2019111801004106,NIB,21,57,33,418,13794.00,2019-11-18 15:02:44.516023
862,2019111801004107,MLBL,45,51,23,178,4094.00,2019-11-18 15:02:44.516023
863,2019111801004108,CZBIL,59,25,48,185,8880.00,2019-11-18 15:02:44.516023
864,2019111801004109,SHIVM,32,5,10,420,4200.00,2019-11-18 15:02:44.516023
865,2019111801004110,MEGA,28,29,21,184,3864.00,2019-11-18 15:02:44.516023
866,2019111801004111,HBL,37,13,131,484,63404.00,2019-11-18 15:02:44.516023
867,2019111801004076,NICA,55,43,50,416,20800.00,2019-11-18 15:02:44.516023
868,2019111801004077,UPPER,13,4,210,227,47670.00,2019-11-18 15:02:44.516023
869,2019111801004078,UPPER,13,39,50,227,11350.00,2019-11-18 15:02:44.516023
870,2019111801004079,NICA,36,43,210,416,87360.00,2019-11-18 15:02:44.516023
871,2019111801004080,OHL,1,45,10,408,4080.00,2019-11-18 15:02:44.516023
872,2019111801004081,VLBS,39,58,32,583,18656.00,2019-11-18 15:02:44.516023
873,2019111801004082,AHPC,28,28,10,96,960.00,2019-11-18 15:02:44.516023
874,2019111801004083,RHPL,57,6,50,163,8150.00,2019-11-18 15:02:44.516023
875,2019111801004084,NMB,4,41,240,386,92640.00,2019-11-18 15:02:44.516023
876,2019111801004085,NMB,4,54,10,386,3860.00,2019-11-18 15:02:44.516023
877,2019111801004086,RHPL,57,6,50,163,8150.00,2019-11-18 15:02:44.516023
878,2019111801004087,UIC,50,22,10,235,2350.00,2019-11-18 15:02:44.516023
879,2019111801004088,SINDU,49,20,20,126,2520.00,2019-11-18 15:02:44.516023
880,2019111801004089,NMB,7,54,360,386,138960.00,2019-11-18 15:02:44.516023
881,2019111801004090,NMB,7,14,500,386,193000.00,2019-11-18 15:02:44.516023
882,2019111801004091,NMB,7,41,110,386,42460.00,2019-11-18 15:02:44.516023
883,2019111801004053,PCBL,14,46,18,269,4842.00,2019-11-18 15:02:44.516023
884,2019111801004054,GMFBS,37,44,10,497,4970.00,2019-11-18 15:02:44.516023
885,2019111801004055,PCBL,8,49,1179,270,318330.00,2019-11-18 15:02:44.516023
886,2019111801004056,PCBL,8,21,230,270,62100.00,2019-11-18 15:02:44.516023
887,2019111801004057,NICA,13,43,10,416,4160.00,2019-11-18 15:02:44.516023
888,2019111801004058,MEGA,1,57,950,185,175750.00,2019-11-18 15:02:44.516023
889,2019111801004059,SJCL,1,40,20,157,3140.00,2019-11-18 15:02:44.516023
890,2019111801004060,RHPL,57,44,30,163,4890.00,2019-11-18 15:02:44.516023
891,2019111801004061,GBLBS,44,22,15,303,4545.00,2019-11-18 15:02:44.516023
892,2019111801004062,GBLBS,44,41,75,303,22725.00,2019-11-18 15:02:44.516023
893,2019111801004063,GBLBS,44,49,110,304,33440.00,2019-11-18 15:02:44.516023
894,2019111801004064,MLBL,45,51,35,178,6230.00,2019-11-18 15:02:44.516023
895,2019111801004065,SJCL,1,44,20,157,3140.00,2019-11-18 15:02:44.516023
896,2019111801004066,RHPL,57,40,30,163,4890.00,2019-11-18 15:02:44.516023
897,2019111801004067,NMB,13,54,300,386,115800.00,2019-11-18 15:02:44.516023
898,2019111801004068,SHIVM,41,48,190,419,79610.00,2019-11-18 15:02:44.516023
899,2019111801004069,SHIVM,41,48,10,419,4190.00,2019-11-18 15:02:44.516023
900,2019111801004070,CZBIL,51,25,150,185,27750.00,2019-11-18 15:02:44.516023
901,2019111801004071,NBB,34,28,500,205,102500.00,2019-11-18 15:02:44.516023
902,2019111801004072,SHIVM,38,48,190,419,79610.00,2019-11-18 15:02:44.516023
903,2019111801004073,MERO,58,50,30,425,12750.00,2019-11-18 15:02:44.516023
904,2019111801004074,EBL,44,58,281,553,155393.00,2019-11-18 15:02:44.516023
905,2019111801004075,EBL,17,58,219,553,121107.00,2019-11-18 15:02:44.516023
906,2019111801004026,PLIC,7,25,58,311,18038.00,2019-11-18 15:02:44.516023
907,2019111801004027,SDESI,17,21,20,639,12780.00,2019-11-18 15:02:44.516023
908,2019111801004028,RLFL,17,28,80,108,8640.00,2019-11-18 15:02:44.516023
909,2019111801004029,RLFL,45,28,48,108,5184.00,2019-11-18 15:02:44.516023
910,2019111801004030,SLICL,42,7,22,257,5654.00,2019-11-18 15:02:44.516023
911,2019111801004031,SLICL,25,7,28,257,7196.00,2019-11-18 15:02:44.516023
912,2019111801004032,SJCL,45,40,10,158,1580.00,2019-11-18 15:02:44.516023
913,2019111801004033,SJCL,45,17,10,158,1580.00,2019-11-18 15:02:44.516023
914,2019111801004034,SJCL,45,17,10,158,1580.00,2019-11-18 15:02:44.516023
915,2019111801004035,ADBL,39,42,2000,416,832000.00,2019-11-18 15:02:44.516023
916,2019111801004036,NICA,32,43,30,416,12480.00,2019-11-18 15:02:44.516023
917,2019111801004037,CZBIL,51,57,100,185,18500.00,2019-11-18 15:02:44.516023
918,2019111801004038,SHINE,58,4,100,252,25200.00,2019-11-18 15:02:44.516023
919,2019111801004039,MEGA,21,57,50,185,9250.00,2019-11-18 15:02:44.516023
920,2019111801004040,SAPDBL,7,28,175,118,20650.00,2019-11-18 15:02:44.516023
921,2019111801004041,NMB,48,11,200,385,77000.00,2019-11-18 15:02:44.516023
922,2019111801004042,SLBSL,22,19,10,708,7080.00,2019-11-18 15:02:44.516023
923,2019111801004043,AHPC,28,1,131,95,12445.00,2019-11-18 15:02:44.516023
924,2019111801004044,HIDCL,51,29,261,130,33930.00,2019-11-18 15:02:44.516023
925,2019111801004045,HIDCL,58,29,1000,130,130000.00,2019-11-18 15:02:44.516023
926,2019111801004046,HIDCL,51,29,239,130,31070.00,2019-11-18 15:02:44.516023
927,2019111801004047,SHIVM,35,58,20,418,8360.00,2019-11-18 15:02:44.516023
928,2019111801004048,SHIVM,35,48,10,419,4190.00,2019-11-18 15:02:44.516023
929,2019111801004049,PCBL,14,21,200,270,54000.00,2019-11-18 15:02:44.516023
930,2019111801004050,BNT,34,11,100,6250,625000.00,2019-11-18 15:02:44.516023
931,2019111801004051,SLICL,25,11,22,257,5654.00,2019-11-18 15:02:44.516023
932,2019111801004052,SLICL,7,11,28,257,7196.00,2019-11-18 15:02:44.516023
933,2019111801004016,MEGA,13,13,109,185,20165.00,2019-11-18 15:02:44.516023
934,2019111801004017,SHIVM,21,48,40,415,16600.00,2019-11-18 15:02:44.516023
935,2019111801004018,SHIVM,21,7,500,415,207500.00,2019-11-18 15:02:44.516023
936,2019111801004019,RHPL,57,40,30,163,4890.00,2019-11-18 15:02:44.516023
937,2019111801004020,SABSL,36,45,60,559,33540.00,2019-11-18 15:02:44.516023
938,2019111801004021,RADHI,44,44,2,143,286.00,2019-11-18 15:02:44.516023
939,2019111801004022,SHIVM,32,22,50,415,20750.00,2019-11-18 15:02:44.516023
940,2019111801004023,SHIVM,32,34,940,416,391040.00,2019-11-18 15:02:44.516023
941,2019111801004024,NICA,36,28,23,417,9591.00,2019-11-18 15:02:44.516023
942,2019111801004025,SHIVM,19,34,50,416,20800.00,2019-11-18 15:02:44.516023
943,2019111801003980,RHPL,57,17,10,163,1630.00,2019-11-18 15:02:44.516023
944,2019111801003981,RHPL,57,17,20,163,3260.00,2019-11-18 15:02:44.516023
945,2019111801003982,RHPL,57,17,10,163,1630.00,2019-11-18 15:02:44.516023
946,2019111801003983,NBL,14,34,690,319,220110.00,2019-11-18 15:02:44.516023
947,2019111801003984,NBL,14,34,250,319,79750.00,2019-11-18 15:02:44.516023
948,2019111801003985,NBL,6,34,400,319,127600.00,2019-11-18 15:02:44.516023
949,2019111801003986,NBL,35,34,200,319,63800.00,2019-11-18 15:02:44.516023
950,2019111801003987,NBL,56,34,200,319,63800.00,2019-11-18 15:02:44.516023
951,2019111801003988,NBL,35,34,30,319,9570.00,2019-11-18 15:02:44.516023
952,2019111801003989,NBL,14,34,1000,319,319000.00,2019-11-18 15:02:44.516023
953,2019111801003990,NBL,40,34,200,319,63800.00,2019-11-18 15:02:44.516023
954,2019111801003991,NBL,41,34,30,319,9570.00,2019-11-18 15:02:44.516023
955,2019111801003992,HIDCL,33,32,61,131,7991.00,2019-11-18 15:02:44.516023
956,2019111801003993,RHPL,57,32,40,163,6520.00,2019-11-18 15:02:44.516023
957,2019111801003994,NLG,53,52,300,528,158400.00,2019-11-18 15:02:44.516023
958,2019111801003995,NIBPO,7,49,300,389,116700.00,2019-11-18 15:02:44.516023
959,2019111801003996,SABSL,36,39,10,559,5590.00,2019-11-18 15:02:44.516023
960,2019111801003997,SABSL,36,32,10,559,5590.00,2019-11-18 15:02:44.516023
961,2019111801003998,SJCL,1,48,20,157,3140.00,2019-11-18 15:02:44.516023
962,2019111801003999,SJCL,57,48,400,158,63200.00,2019-11-18 15:02:44.516023
963,2019111801004000,SJCL,57,46,20,158,3160.00,2019-11-18 15:02:44.516023
964,2019111801004001,SJCL,57,32,20,158,3160.00,2019-11-18 15:02:44.516023
965,2019111801004002,SJCL,57,13,20,158,3160.00,2019-11-18 15:02:44.516023
966,2019111801004003,SJCL,57,58,20,158,3160.00,2019-11-18 15:02:44.516023
967,2019111801004004,UPPER,45,19,77,226,17402.00,2019-11-18 15:02:44.516023
968,2019111801004005,UPPER,59,19,50,226,11300.00,2019-11-18 15:02:44.516023
969,2019111801004006,UPPER,52,19,50,226,11300.00,2019-11-18 15:02:44.516023
970,2019111801004007,UPPER,38,19,50,226,11300.00,2019-11-18 15:02:44.516023
971,2019111801004008,UPPER,39,19,100,226,22600.00,2019-11-18 15:02:44.516023
972,2019111801004009,UPPER,16,19,96,226,21696.00,2019-11-18 15:02:44.516023
973,2019111801004010,PCBL,49,21,50,270,13500.00,2019-11-18 15:02:44.516023
974,2019111801004011,PPCL,45,38,30,109,3270.00,2019-11-18 15:02:44.516023
975,2019111801004012,SJCL,57,32,20,158,3160.00,2019-11-18 15:02:44.516023
976,2019111801004013,NIBPO,7,4,200,389,77800.00,2019-11-18 15:02:44.516023
977,2019111801004014,ILBS,55,47,10,469,4690.00,2019-11-18 15:02:44.516023
978,2019111801004015,UPPER,14,32,40,226,9040.00,2019-11-18 15:02:44.516023
979,2019111801003964,RHPL,11,40,30,162,4860.00,2019-11-18 15:02:44.516023
980,2019111801003965,SABSL,36,39,10,559,5590.00,2019-11-18 15:02:44.516023
981,2019111801003966,SJCL,1,40,20,157,3140.00,2019-11-18 15:02:44.516023
982,2019111801003967,DBBL,16,38,78,123,9594.00,2019-11-18 15:02:44.516023
983,2019111801003968,HIDCL,33,35,180,131,23580.00,2019-11-18 15:02:44.516023
984,2019111801003969,CCBL,38,57,850,161,136850.00,2019-11-18 15:02:44.516023
985,2019111801003970,NBB,34,52,100,206,20600.00,2019-11-18 15:02:44.516023
986,2019111801003971,NBL,17,39,650,319,207350.00,2019-11-18 15:02:44.516023
987,2019111801003972,NBL,58,39,40,319,12760.00,2019-11-18 15:02:44.516023
988,2019111801003973,NBL,14,39,310,319,98890.00,2019-11-18 15:02:44.516023
989,2019111801003974,SJCL,52,48,200,158,31600.00,2019-11-18 15:02:44.516023
990,2019111801003975,MNBBL,32,11,30,314,9420.00,2019-11-18 15:02:44.516023
991,2019111801003976,GBLBS,8,42,150,301,45150.00,2019-11-18 15:02:44.516023
992,2019111801003977,RSDC,44,42,49,294,14406.00,2019-11-18 15:02:44.516023
993,2019111801003978,RSDC,44,6,40,296,11840.00,2019-11-18 15:02:44.516023
994,2019111801003979,RSDC,44,45,111,296,32856.00,2019-11-18 15:02:44.516023
995,2019111801003944,NICA,17,43,170,416,70720.00,2019-11-18 15:02:44.516023
996,2019111801003945,SHIVM,36,26,200,413,82600.00,2019-11-18 15:02:44.516023
997,2019111801003946,RHPL,22,48,40,162,6480.00,2019-11-18 15:02:44.516023
998,2019111801003947,SJCL,1,40,20,157,3140.00,2019-11-18 15:02:44.516023
999,2019111801003948,SABSL,36,39,10,559,5590.00,2019-11-18 15:02:44.516023
1000,2019111801003949,ALBSL,22,32,10,403,4030.00,2019-11-18 15:02:44.516023
1001,2019111801003950,NIB,34,34,10,419,4190.00,2019-11-18 15:02:44.516023
1002,2019111801003951,PCBL,39,43,107,270,28890.00,2019-11-18 15:02:44.516023
1003,2019111801003952,PCBL,39,6,229,270,61830.00,2019-11-18 15:02:44.516023
1004,2019111801003953,RHPL,22,48,40,162,6480.00,2019-11-18 15:02:44.516023
1005,2019111801003954,KBL,56,21,26,179,4654.00,2019-11-18 15:02:44.516023
1006,2019111801003955,RHPL,22,40,30,162,4860.00,2019-11-18 15:02:44.516023
1007,2019111801003956,MERO,44,44,7,414,2898.00,2019-11-18 15:02:44.516023
1008,2019111801003957,NMB,32,16,220,386,84920.00,2019-11-18 15:02:44.516023
1009,2019111801003958,NMB,32,55,100,386,38600.00,2019-11-18 15:02:44.516023
1010,2019111801003959,NMB,32,54,680,386,262480.00,2019-11-18 15:02:44.516023
1011,2019111801003960,RHPL,22,32,20,162,3240.00,2019-11-18 15:02:44.516023
1012,2019111801003961,RHPL,11,32,20,162,3240.00,2019-11-18 15:02:44.516023
1013,2019111801003962,SHIVM,28,45,490,414,202860.00,2019-11-18 15:02:44.516023
1014,2019111801003963,SDESI,44,25,32,635,20320.00,2019-11-18 15:02:44.516023
1015,2019111801003914,UPPER,47,4,10,227,2270.00,2019-11-18 15:02:44.516023
1016,2019111801003915,SHIVM,26,7,500,412,206000.00,2019-11-18 15:02:44.516023
1017,2019111801003916,SHIVM,26,42,100,412,41200.00,2019-11-18 15:02:44.516023
1018,2019111801003917,CIT,41,17,10,1755,17550.00,2019-11-18 15:02:44.516023
1019,2019111801003918,NADEP,49,28,100,397,39700.00,2019-11-18 15:02:44.516023
1020,2019111801003919,NIBPO,19,13,10,388,3880.00,2019-11-18 15:02:44.516023
1021,2019111801003920,NIBPO,22,13,108,388,41904.00,2019-11-18 15:02:44.516023
1022,2019111801003921,UPPER,45,32,50,226,11300.00,2019-11-18 15:02:44.516023
1023,2019111801003922,RHPL,22,40,30,162,4860.00,2019-11-18 15:02:44.516023
1024,2019111801003923,JSLBB,37,47,50,1130,56500.00,2019-11-18 15:02:44.516023
1025,2019111801003924,HIDCL,19,35,100,131,13100.00,2019-11-18 15:02:44.516023
1026,2019111801003925,API,52,57,536,105,56280.00,2019-11-18 15:02:44.516023
1027,2019111801003926,API,52,39,14,105,1470.00,2019-11-18 15:02:44.516023
1028,2019111801003927,API,52,34,450,105,47250.00,2019-11-18 15:02:44.516023
1029,2019111801003928,NICA,59,7,70,416,29120.00,2019-11-18 15:02:44.516023
1030,2019111801003929,NICA,59,19,100,416,41600.00,2019-11-18 15:02:44.516023
1031,2019111801003930,NICA,59,43,830,416,345280.00,2019-11-18 15:02:44.516023
1032,2019111801003931,SKBBL,36,36,10,931,9310.00,2019-11-18 15:02:44.516023
1033,2019111801003932,SKBBL,39,36,48,930,44640.00,2019-11-18 15:02:44.516023
1034,2019111801003933,SABSL,36,39,10,559,5590.00,2019-11-18 15:02:44.516023
1035,2019111801003934,SHIVM,52,26,500,413,206500.00,2019-11-18 15:02:44.516023
1036,2019111801003935,NLBBL,45,25,71,502,35642.00,2019-11-18 15:02:44.516023
1037,2019111801003936,SJCL,1,40,20,157,3140.00,2019-11-18 15:02:44.516023
1038,2019111801003937,AKBSL,20,32,10,435,4350.00,2019-11-18 15:02:44.516023
1039,2019111801003938,ILBS,58,21,10,469,4690.00,2019-11-18 15:02:44.516023
1040,2019111801003939,HDL,37,57,100,1760,176000.00,2019-11-18 15:02:44.516023
1041,2019111801003940,BOKL,49,39,50,217,10850.00,2019-11-18 15:02:44.516023
1042,2019111801003941,SHL,48,35,250,204,51000.00,2019-11-18 15:02:44.516023
1043,2019111801003942,RHPL,22,48,40,162,6480.00,2019-11-18 15:02:44.516023
1044,2019111801003943,CBL,22,33,100,138,13800.00,2019-11-18 15:02:44.516023
1045,2019111801003891,NMB,39,32,200,386,77200.00,2019-11-18 15:02:44.516023
1046,2019111801003892,NMB,45,32,30,386,11580.00,2019-11-18 15:02:44.516023
1047,2019111801003893,NMB,17,32,50,386,19300.00,2019-11-18 15:02:44.516023
1048,2019111801003894,NMB,14,32,200,386,77200.00,2019-11-18 15:02:44.516023
1049,2019111801003895,NMB,25,32,20,386,7720.00,2019-11-18 15:02:44.516023
1050,2019111801003896,PRVU,48,16,220,228,50160.00,2019-11-18 15:02:44.516023
1051,2019111801003897,SABSL,36,44,10,557,5570.00,2019-11-18 15:02:44.516023
1052,2019111801003898,GBBL,37,48,250,224,56000.00,2019-11-18 15:02:44.516023
1053,2019111801003899,EBL,26,40,500,554,277000.00,2019-11-18 15:02:44.516023
1054,2019111801003900,JBBL,45,45,10,161,1610.00,2019-11-18 15:02:44.516023
1055,2019111801003901,NTC,59,14,10,625,6250.00,2019-11-18 15:02:44.516023
1056,2019111801003902,CIT,41,17,10,1755,17550.00,2019-11-18 15:02:44.516023
1057,2019111801003903,FOWAD,47,59,10,1310,13100.00,2019-11-18 15:02:44.516023
1058,2019111801003904,HGI,42,5,30,247,7410.00,2019-11-18 15:02:44.516023
1059,2019111801003905,HDL,58,45,100,1760,176000.00,2019-11-18 15:02:44.516023
1060,2019111801003906,NBL,17,38,10,320,3200.00,2019-11-18 15:02:44.516023
1061,2019111801003907,NMB,25,16,80,386,30880.00,2019-11-18 15:02:44.516023
1062,2019111801003908,NBL,48,38,155,320,49600.00,2019-11-18 15:02:44.516023
1063,2019111801003909,JSLBB,37,40,50,1130,56500.00,2019-11-18 15:02:44.516023
1064,2019111801003910,UPPER,45,49,40,226,9040.00,2019-11-18 15:02:44.516023
1065,2019111801003911,SABSL,36,50,50,558,27900.00,2019-11-18 15:02:44.516023
1066,2019111801003912,SABSL,36,39,10,558,5580.00,2019-11-18 15:02:44.516023
1067,2019111801003913,SABSL,36,38,10,559,5590.00,2019-11-18 15:02:44.516023
1068,2019111801003873,GBLBS,43,49,60,300,18000.00,2019-11-18 15:02:44.516023
1069,2019111801003874,ADBL,39,14,140,417,58380.00,2019-11-18 15:02:44.516023
1070,2019111801003875,NLICL,13,6,13,415,5395.00,2019-11-18 15:02:44.516023
1071,2019111801003876,SHIVM,35,6,25,412,10300.00,2019-11-18 15:02:44.516023
1072,2019111801003877,AKJCL,48,47,10,57,570.00,2019-11-18 15:02:44.516023
1073,2019111801003878,CBL,36,33,200,138,27600.00,2019-11-18 15:02:44.516023
1074,2019111801003879,GLICL,39,49,35,358,12530.00,2019-11-18 15:02:44.516023
1075,2019111801003880,NCCB,58,11,774,201,155574.00,2019-11-18 15:02:44.516023
1076,2019111801003881,NCCB,43,11,400,201,80400.00,2019-11-18 15:02:44.516023
1077,2019111801003882,NCCB,53,11,500,201,100500.00,2019-11-18 15:02:44.516023
1078,2019111801003883,NCCB,58,11,1000,201,201000.00,2019-11-18 15:02:44.516023
1079,2019111801003884,NCCB,56,11,2000,201,402000.00,2019-11-18 15:02:44.516023
1080,2019111801003885,NCCB,46,11,500,201,100500.00,2019-11-18 15:02:44.516023
1081,2019111801003886,NCCB,32,11,500,201,100500.00,2019-11-18 15:02:44.516023
1082,2019111801003887,NCCB,32,11,1000,201,201000.00,2019-11-18 15:02:44.516023
1083,2019111801003888,NCCB,39,11,50,201,10050.00,2019-11-18 15:02:44.516023
1084,2019111801003889,NCCB,52,11,276,201,55476.00,2019-11-18 15:02:44.516023
1085,2019111801003890,MEGA,51,49,45,185,8325.00,2019-11-18 15:02:44.516023
1086,2019111801003867,NBL,42,38,50,320,16000.00,2019-11-18 15:02:44.516023
1087,2019111801003868,NABIL,45,5,50,755,37750.00,2019-11-18 15:02:44.516023
1088,2019111801003869,NABIL,6,5,39,755,29445.00,2019-11-18 15:02:44.516023
1089,2019111801003870,AKBSL,20,41,10,435,4350.00,2019-11-18 15:02:44.516023
1090,2019111801003871,CCBL,38,49,46,161,7406.00,2019-11-18 15:02:44.516023
1091,2019111801003872,SDESI,44,8,68,635,43180.00,2019-11-18 15:02:44.516023
1092,2019111801003856,NBL,42,34,1450,319,462550.00,2019-11-18 15:02:44.516023
1093,2019111801003857,NBL,14,34,1000,319,319000.00,2019-11-18 15:02:44.516023
1094,2019111801003858,NBL,17,34,350,319,111650.00,2019-11-18 15:02:44.516023
1095,2019111801003859,NBL,36,21,47,320,15040.00,2019-11-18 15:02:44.516023
1096,2019111801003860,NBL,36,38,953,320,304960.00,2019-11-18 15:02:44.516023
1097,2019111801003861,SJCL,1,26,20,157,3140.00,2019-11-18 15:02:44.516023
1098,2019111801003862,DBBL,16,45,10,123,1230.00,2019-11-18 15:02:44.516023
1099,2019111801003863,SPARS,58,57,10,530,5300.00,2019-11-18 15:02:44.516023
1100,2019111801003864,SDESI,33,19,11,635,6985.00,2019-11-18 15:02:44.516023
1101,2019111801003865,SABSL,28,59,10,556,5560.00,2019-11-18 15:02:44.516023
1102,2019111801003866,KBL,56,40,512,179,91648.00,2019-11-18 15:02:44.516023
1103,2019111801003827,NICA,34,16,150,415,62250.00,2019-11-18 15:02:44.516023
1104,2019111801003828,AHPC,6,1,309,95,29355.00,2019-11-18 15:02:44.516023
1105,2019111801003829,GMFBS,41,38,40,500,20000.00,2019-11-18 15:02:44.516023
1106,2019111801003830,NIB,48,44,25,418,10450.00,2019-11-18 15:02:44.516023
1107,2019111801003831,NIB,16,44,131,417,54627.00,2019-11-18 15:02:44.516023
1108,2019111801003832,SBL,22,50,971,285,276735.00,2019-11-18 15:02:44.516023
1109,2019111801003833,PRVU,4,51,2621,228,597588.00,2019-11-18 15:02:44.516023
1110,2019111801003834,NLICL,13,46,100,415,41500.00,2019-11-18 15:02:44.516023
1111,2019111801003835,SHPC,57,42,400,185,74000.00,2019-11-18 15:02:44.516023
1112,2019111801003836,SHPC,47,42,500,185,92500.00,2019-11-18 15:02:44.516023
1113,2019111801003837,SHPC,36,42,700,184,128800.00,2019-11-18 15:02:44.516023
1114,2019111801003838,SHPC,52,42,400,184,73600.00,2019-11-18 15:02:44.516023
1115,2019111801003839,NICA,40,7,200,416,83200.00,2019-11-18 15:02:44.516023
1116,2019111801003840,UPPER,19,4,80,227,18160.00,2019-11-18 15:02:44.516023
1117,2019111801003841,HDL,47,6,20,1764,35280.00,2019-11-18 15:02:44.516023
1118,2019111801003842,NBL,4,38,187,320,59840.00,2019-11-18 15:02:44.516023
1119,2019111801003843,NBL,4,21,313,320,100160.00,2019-11-18 15:02:44.516023
1120,2019111801003844,NIB,1,34,100,419,41900.00,2019-11-18 15:02:44.516023
1121,2019111801003845,ALBSL,42,50,40,405,16200.00,2019-11-18 15:02:44.516023
1122,2019111801003846,SRBL,26,39,40,212,8480.00,2019-11-18 15:02:44.516023
1123,2019111801003847,NBL,13,16,450,319,143550.00,2019-11-18 15:02:44.516023
1124,2019111801003848,NBL,42,16,50,319,15950.00,2019-11-18 15:02:44.516023
1125,2019111801003849,LICN,25,59,10,976,9760.00,2019-11-18 15:02:44.516023
1126,2019111801003850,LICN,22,59,10,976,9760.00,2019-11-18 15:02:44.516023
1127,2019111801003851,LICN,7,59,40,976,39040.00,2019-11-18 15:02:44.516023
1128,2019111801003852,LICN,38,59,30,976,29280.00,2019-11-18 15:02:44.516023
1129,2019111801003853,LICN,20,59,200,974,194800.00,2019-11-18 15:02:44.516023
1130,2019111801003854,LICN,22,59,20,973,19460.00,2019-11-18 15:02:44.516023
1131,2019111801003855,LICN,20,59,490,973,476770.00,2019-11-18 15:02:44.516023
1132,2019111801003820,SMB,17,21,20,425,8500.00,2019-11-18 15:02:44.516023
1133,2019111801003821,CIT,42,17,20,1755,35100.00,2019-11-18 15:02:44.516023
1134,2019111801003822,UPPER,45,48,40,226,9040.00,2019-11-18 15:02:44.516023
1135,2019111801003823,UFL,39,22,15,178,2670.00,2019-11-18 15:02:44.516023
1136,2019111801003824,SANIMA,22,14,1000,307,307000.00,2019-11-18 15:02:44.516023
1137,2019111801003825,SJCL,1,48,20,157,3140.00,2019-11-18 15:02:44.516023
1138,2019111801003826,NIL,49,39,27,375,10125.00,2019-11-18 15:02:44.516023
1139,2019111801003801,RSDC,26,41,30,294,8820.00,2019-11-18 15:02:44.516023
1140,2019111801003802,RSDC,43,41,30,292,8760.00,2019-11-18 15:02:44.516023
1141,2019111801003803,ALBSL,42,52,10,405,4050.00,2019-11-18 15:02:44.516023
1142,2019111801003804,NCCB,58,48,34,201,6834.00,2019-11-18 15:02:44.516023
1143,2019111801003805,NICA,37,7,100,416,41600.00,2019-11-18 15:02:44.516023
1144,2019111801003806,SHIVM,10,7,500,412,206000.00,2019-11-18 15:02:44.516023
1145,2019111801003807,KSBBL,51,48,67,134,8978.00,2019-11-18 15:02:44.516023
1146,2019111801003808,UPPER,52,4,200,227,45400.00,2019-11-18 15:02:44.516023
1147,2019111801003809,RHPL,21,48,10,162,1620.00,2019-11-18 15:02:44.516023
1148,2019111801003810,LBBL,25,57,156,170,26520.00,2019-11-18 15:02:44.516023
1149,2019111801003811,LBBL,35,57,30,170,5100.00,2019-11-18 15:02:44.516023
1150,2019111801003812,LBBL,19,57,1000,170,170000.00,2019-11-18 15:02:44.516023
1151,2019111801003813,LBBL,8,57,314,170,53380.00,2019-11-18 15:02:44.516023
1152,2019111801003814,NICA,45,16,50,415,20750.00,2019-11-18 15:02:44.516023
1153,2019111801003815,NICA,34,16,300,415,124500.00,2019-11-18 15:02:44.516023
1154,2019111801003816,SABSL,51,50,50,558,27900.00,2019-11-18 15:02:44.516023
1155,2019111801003817,UPPER,45,52,40,226,9040.00,2019-11-18 15:02:44.516023
1156,2019111801003818,SJCL,1,48,10,157,1570.00,2019-11-18 15:02:44.516023
1157,2019111801003819,NLIC,58,13,22,794,17468.00,2019-11-18 15:02:44.516023
1158,2019111801003783,NIB,5,57,44,418,18392.00,2019-11-18 15:02:44.516023
1159,2019111801003784,SHIVM,10,6,100,412,41200.00,2019-11-18 15:02:44.516023
1160,2019111801003785,SHIVM,10,7,500,412,206000.00,2019-11-18 15:02:44.516023
1161,2019111801003786,RHPL,21,42,10,162,1620.00,2019-11-18 15:02:44.516023
1162,2019111801003787,GLICL,39,41,79,358,28282.00,2019-11-18 15:02:44.516023
1163,2019111801003788,HDL,35,26,10,1767,17670.00,2019-11-18 15:02:44.516023
1164,2019111801003789,HDL,32,26,100,1766,176600.00,2019-11-18 15:02:44.516023
1165,2019111801003790,HDL,35,26,50,1765,88250.00,2019-11-18 15:02:44.516023
1166,2019111801003791,HDL,41,26,25,1765,44125.00,2019-11-18 15:02:44.516023
1167,2019111801003792,NICA,37,20,100,416,41600.00,2019-11-18 15:02:44.516023
1168,2019111801003793,NMB,57,46,100,386,38600.00,2019-11-18 15:02:44.516023
1169,2019111801003794,SHIVM,10,21,150,411,61650.00,2019-11-18 15:02:44.516023
1170,2019111801003795,ALICL,37,58,70,317,22190.00,2019-11-18 15:02:44.516023
1171,2019111801003796,ALICL,59,58,133,317,42161.00,2019-11-18 15:02:44.516023
1172,2019111801003797,RRHP,47,41,10,98,980.00,2019-11-18 15:02:44.516023
1173,2019111801003798,LBBL,25,22,30,170,5100.00,2019-11-18 15:02:44.516023
1174,2019111801003799,PRVU,51,51,1379,228,314412.00,2019-11-18 15:02:44.516023
1175,2019111801003800,PRVU,4,51,1000,228,228000.00,2019-11-18 15:02:44.516023
1176,2019111801003760,MLBL,45,45,20,178,3560.00,2019-11-18 15:02:44.516023
1177,2019111801003761,NLICL,16,42,59,414,24426.00,2019-11-18 15:02:44.516023
1178,2019111801003762,NLICL,37,42,31,413,12803.00,2019-11-18 15:02:44.516023
1179,2019111801003763,SJCL,1,40,20,157,3140.00,2019-11-18 15:02:44.516023
1180,2019111801003764,SBL,13,5,121,285,34485.00,2019-11-18 15:02:44.516023
1181,2019111801003765,SBL,13,49,50,285,14250.00,2019-11-18 15:02:44.516023
1182,2019111801003766,SBL,13,50,29,285,8265.00,2019-11-18 15:02:44.516023
1183,2019111801003767,UPCL,42,38,30,74,2220.00,2019-11-18 15:02:44.516023
1184,2019111801003768,UPCL,42,38,100,74,7400.00,2019-11-18 15:02:44.516023
1185,2019111801003769,HGI,34,42,50,246,12300.00,2019-11-18 15:02:44.516023
1186,2019111801003770,HGI,45,42,10,246,2460.00,2019-11-18 15:02:44.516023
1187,2019111801003771,NIB,40,10,140,418,58520.00,2019-11-18 15:02:44.516023
1188,2019111801003772,NMB,48,48,800,385,308000.00,2019-11-18 15:02:44.516023
1189,2019111801003773,UPPER,54,42,10,227,2270.00,2019-11-18 15:02:44.516023
1190,2019111801003774,UPPER,42,42,10,227,2270.00,2019-11-18 15:02:44.516023
1191,2019111801003775,UPPER,45,42,30,226,6780.00,2019-11-18 15:02:44.516023
1192,2019111801003776,GILB,44,6,65,730,47450.00,2019-11-18 15:02:44.516023
1193,2019111801003777,NTC,59,50,100,622,62200.00,2019-11-18 15:02:44.516023
1194,2019111801003778,SHIVM,35,21,50,410,20500.00,2019-11-18 15:02:44.516023
1195,2019111801003779,FMDBL,52,41,98,305,29890.00,2019-11-18 15:02:44.516023
1196,2019111801003780,SJCL,1,48,20,157,3140.00,2019-11-18 15:02:44.516023
1197,2019111801003781,RHPL,21,40,30,162,4860.00,2019-11-18 15:02:44.516023
1198,2019111801003782,SJCL,1,42,20,157,3140.00,2019-11-18 15:02:44.516023
1199,2019111801003744,CBBL,22,4,200,975,195000.00,2019-11-18 15:02:44.516023
1200,2019111801003745,SJCL,1,48,20,157,3140.00,2019-11-18 15:02:44.516023
1201,2019111801003746,NBL,57,38,885,320,283200.00,2019-11-18 15:02:44.516023
1202,2019111801003747,NBL,57,21,115,320,36800.00,2019-11-18 15:02:44.516023
1203,2019111801003748,SJCL,1,40,10,157,1570.00,2019-11-18 15:02:44.516023
1204,2019111801003749,SHIVM,13,6,100,412,41200.00,2019-11-18 15:02:44.516023
1205,2019111801003750,NMB,49,46,100,386,38600.00,2019-11-18 15:02:44.516023
1206,2019111801003751,RHPL,57,48,40,163,6520.00,2019-11-18 15:02:44.516023
1207,2019111801003752,KBL,19,40,189,179,33831.00,2019-11-18 15:02:44.516023
1208,2019111801003753,KBL,45,40,300,179,53700.00,2019-11-18 15:02:44.516023
1209,2019111801003754,PCBL,6,57,302,269,81238.00,2019-11-18 15:02:44.516023
1210,2019111801003755,PCBL,14,57,192,269,51648.00,2019-11-18 15:02:44.516023
1211,2019111801003756,RHPL,57,17,30,163,4890.00,2019-11-18 15:02:44.516023
1212,2019111801003757,SJCL,1,48,20,157,3140.00,2019-11-18 15:02:44.516023
1213,2019111801003758,NIB,50,42,56,417,23352.00,2019-11-18 15:02:44.516023
1214,2019111801003759,NIB,16,42,144,417,60048.00,2019-11-18 15:02:44.516023
1215,2019111801003737,NIL,38,44,100,377,37700.00,2019-11-18 15:02:44.516023
1216,2019111801003738,SJCL,1,48,20,157,3140.00,2019-11-18 15:02:44.516023
1217,2019111801003739,SJCL,1,40,20,157,3140.00,2019-11-18 15:02:44.516023
1218,2019111801003740,RHPL,14,40,30,163,4890.00,2019-11-18 15:02:44.516023
1219,2019111801003741,RHPL,14,48,39,163,6357.00,2019-11-18 15:02:44.516023
1220,2019111801003742,AHPC,28,1,10,95,950.00,2019-11-18 15:02:44.516023
1221,2019111801003743,RHPL,57,40,30,163,4890.00,2019-11-18 15:02:44.516023
1222,2019111801003727,CCBL,21,7,223,161,35903.00,2019-11-18 15:02:44.516023
1223,2019111801003728,CCBL,38,7,67,161,10787.00,2019-11-18 15:02:44.516023
1224,2019111801003729,NBL,1,38,205,320,65600.00,2019-11-18 15:02:44.516023
1225,2019111801003730,NMB,13,46,260,386,100360.00,2019-11-18 15:02:44.516023
1226,2019111801003731,SJCL,1,40,20,157,3140.00,2019-11-18 15:02:44.516023
1227,2019111801003732,SHIVM,10,29,380,411,156180.00,2019-11-18 15:02:44.516023
1228,2019111801003733,CBBL,11,47,20,976,19520.00,2019-11-18 15:02:44.516023
1229,2019111801003734,RHPL,14,48,40,163,6520.00,2019-11-18 15:02:44.516023
1230,2019111801003735,GBBL,39,48,195,224,43680.00,2019-11-18 15:02:44.516023
1231,2019111801003736,NMB,48,42,10,385,3850.00,2019-11-18 15:02:44.516023
1232,2019111801003715,NICA,57,10,50,416,20800.00,2019-11-18 15:02:44.516023
1233,2019111801003716,NICA,45,10,450,415,186750.00,2019-11-18 15:02:44.516023
1234,2019111801003717,SIC,42,21,12,448,5376.00,2019-11-18 15:02:44.516023
1235,2019111801003718,CCBL,47,7,170,161,27370.00,2019-11-18 15:02:44.516023
1236,2019111801003719,CCBL,54,7,10,161,1610.00,2019-11-18 15:02:44.516023
1237,2019111801003720,CCBL,21,7,277,161,44597.00,2019-11-18 15:02:44.516023
1238,2019111801003721,NICL,6,45,20,254,5080.00,2019-11-18 15:02:44.516023
1239,2019111801003722,NBL,32,38,500,320,160000.00,2019-11-18 15:02:44.516023
1240,2019111801003723,SJCL,1,49,80,157,12560.00,2019-11-18 15:02:44.516023
1241,2019111801003724,TMDBL,26,59,100,145,14500.00,2019-11-18 15:02:44.516023
1242,2019111801003725,NBL,32,38,100,320,32000.00,2019-11-18 15:02:44.516023
1243,2019111801003726,RHPL,14,40,30,163,4890.00,2019-11-18 15:02:44.516023
1244,2019111801003707,NIB,16,45,300,418,125400.00,2019-11-18 15:02:44.516023
1245,2019111801003708,SJCL,1,40,20,157,3140.00,2019-11-18 15:02:44.516023
1246,2019111801003709,JFL,17,34,90,193,17370.00,2019-11-18 15:02:44.516023
1247,2019111801003710,JFL,43,34,410,193,79130.00,2019-11-18 15:02:44.516023
1248,2019111801003711,GMFBS,37,44,10,500,5000.00,2019-11-18 15:02:44.516023
1249,2019111801003712,GMFBS,37,38,10,500,5000.00,2019-11-18 15:02:44.516023
1250,2019111801003713,SJCL,1,40,20,157,3140.00,2019-11-18 15:02:44.516023
1251,2019111801003714,RHPL,14,40,30,163,4890.00,2019-11-18 15:02:44.516023
1252,2019111801003680,ALBSL,36,21,10,406,4060.00,2019-11-18 15:02:44.516023
1253,2019111801003681,SJCL,1,40,20,157,3140.00,2019-11-18 15:02:44.516023
1254,2019111801003682,SHIVM,57,33,100,408,40800.00,2019-11-18 15:02:44.516023
1255,2019111801003683,NMB,26,46,200,386,77200.00,2019-11-18 15:02:44.516023
1256,2019111801003684,RHPL,14,40,30,163,4890.00,2019-11-18 15:02:44.516023
1257,2019111801003685,NBL,13,50,280,319,89320.00,2019-11-18 15:02:44.516023
1258,2019111801003686,NIB,50,7,44,417,18348.00,2019-11-18 15:02:44.516023
1259,2019111801003687,AKJCL,48,39,10,57,570.00,2019-11-18 15:02:44.516023
1260,2019111801003688,AKJCL,48,39,10,57,570.00,2019-11-18 15:02:44.516023
1261,2019111801003689,CIT,42,17,10,1755,17550.00,2019-11-18 15:02:44.516023
1262,2019111801003690,NICA,13,50,443,416,184288.00,2019-11-18 15:02:44.516023
1263,2019111801003691,NICA,22,50,500,416,208000.00,2019-11-18 15:02:44.516023
1264,2019111801003692,NICA,17,50,15,416,6240.00,2019-11-18 15:02:44.516023
1265,2019111801003693,NICA,1,50,30,416,12480.00,2019-11-18 15:02:44.516023
1266,2019111801003694,NICA,32,50,500,416,208000.00,2019-11-18 15:02:44.516023
1267,2019111801003695,NICA,58,50,20,416,8320.00,2019-11-18 15:02:44.516023
1268,2019111801003696,NICA,41,50,50,416,20800.00,2019-11-18 15:02:44.516023
1269,2019111801003697,NICA,22,50,1327,416,552032.00,2019-11-18 15:02:44.516023
1270,2019111801003698,NICA,43,50,100,416,41600.00,2019-11-18 15:02:44.516023
1271,2019111801003699,NICA,45,50,500,416,208000.00,2019-11-18 15:02:44.516023
1272,2019111801003700,NICA,1,50,100,416,41600.00,2019-11-18 15:02:44.516023
1273,2019111801003701,MERO,19,49,22,422,9284.00,2019-11-18 15:02:44.516023
1274,2019111801003702,SPDL,40,56,20,81,1620.00,2019-11-18 15:02:44.516023
1275,2019111801003703,RHPL,14,40,30,163,4890.00,2019-11-18 15:02:44.516023
1276,2019111801003704,JBBL,45,13,200,161,32200.00,2019-11-18 15:02:44.516023
1277,2019111801003705,SPDL,40,56,20,82,1640.00,2019-11-18 15:02:44.516023
1278,2019111801003706,NIB,16,50,140,418,58520.00,2019-11-18 15:02:44.516023
1279,2019111801003654,SABSL,28,58,10,556,5560.00,2019-11-18 15:02:44.516023
1280,2019111801003655,NIBPO,11,4,10,389,3890.00,2019-11-18 15:02:44.516023
1281,2019111801003656,NIBPO,45,4,30,389,11670.00,2019-11-18 15:02:44.516023
1282,2019111801003657,NIBPO,8,4,870,388,337560.00,2019-11-18 15:02:44.516023
1283,2019111801003658,NIBPO,22,4,50,388,19400.00,2019-11-18 15:02:44.516023
1284,2019111801003659,NIBPO,19,4,490,388,190120.00,2019-11-18 15:02:44.516023
1285,2019111801003660,SHIVM,28,28,50,408,20400.00,2019-11-18 15:02:44.516023
1286,2019111801003661,SHIVM,50,28,100,408,40800.00,2019-11-18 15:02:44.516023
1287,2019111801003662,SHIVM,45,28,100,408,40800.00,2019-11-18 15:02:44.516023
1288,2019111801003663,SHIVM,57,28,20,408,8160.00,2019-11-18 15:02:44.516023
1289,2019111801003664,JFL,39,32,477,195,93015.00,2019-11-18 15:02:44.516023
1290,2019111801003665,CHCL,43,54,80,353,28240.00,2019-11-18 15:02:44.516023
1291,2019111801003666,NMB,57,46,50,386,19300.00,2019-11-18 15:02:44.516023
1292,2019111801003667,RHPC,28,7,15,73,1095.00,2019-11-18 15:02:44.516023
1293,2019111801003668,PCBL,42,43,10,270,2700.00,2019-11-18 15:02:44.516023
1294,2019111801003669,RHPC,28,44,985,73,71905.00,2019-11-18 15:02:44.516023
1295,2019111801003670,SLBBL,29,5,200,600,120000.00,2019-11-18 15:02:44.516023
1296,2019111801003671,OHL,16,42,180,409,73620.00,2019-11-18 15:02:44.516023
1297,2019111801003672,SABSL,36,45,19,558,10602.00,2019-11-18 15:02:44.516023
1298,2019111801003673,SABSL,36,44,10,558,5580.00,2019-11-18 15:02:44.516023
1299,2019111801003674,SABSL,36,44,10,558,5580.00,2019-11-18 15:02:44.516023
1300,2019111801003675,SABSL,36,44,10,558,5580.00,2019-11-18 15:02:44.516023
1301,2019111801003676,NBL,32,22,30,319,9570.00,2019-11-18 15:02:44.516023
1302,2019111801003677,NBL,13,22,270,319,86130.00,2019-11-18 15:02:44.516023
1303,2019111801003678,RHPC,35,44,62,72,4464.00,2019-11-18 15:02:44.516023
1304,2019111801003679,RHPC,25,44,105,72,7560.00,2019-11-18 15:02:44.516023
1305,2019111801003633,SRBL,58,14,127,213,27051.00,2019-11-18 15:02:44.516023
1306,2019111801003634,RHPL,14,40,30,163,4890.00,2019-11-18 15:02:44.516023
1307,2019111801003635,NMB,41,34,100,386,38600.00,2019-11-18 15:02:44.516023
1308,2019111801003636,CBL,19,10,551,137,75487.00,2019-11-18 15:02:44.516023
1309,2019111801003637,ADBL,18,14,10,417,4170.00,2019-11-18 15:02:44.516023
1310,2019111801003638,SHPC,43,46,200,186,37200.00,2019-11-18 15:02:44.516023
1311,2019111801003639,RHPL,14,40,30,163,4890.00,2019-11-18 15:02:44.516023
1312,2019111801003640,NBL,42,38,10,320,3200.00,2019-11-18 15:02:44.516023
1313,2019111801003641,NMB,10,34,14,386,5404.00,2019-11-18 15:02:44.516023
1314,2019111801003642,NMB,10,46,186,386,71796.00,2019-11-18 15:02:44.516023
1315,2019111801003643,NMB,25,46,100,386,38600.00,2019-11-18 15:02:44.516023
1316,2019111801003644,NABIL,4,20,20,754,15080.00,2019-11-18 15:02:44.516023
1317,2019111801003645,NABIL,6,20,86,754,64844.00,2019-11-18 15:02:44.516023
1318,2019111801003646,OHL,50,42,120,409,49080.00,2019-11-18 15:02:44.516023
1319,2019111801003647,NLIC,6,48,22,790,17380.00,2019-11-18 15:02:44.516023
1320,2019111801003648,HIDCL,51,7,61,130,7930.00,2019-11-18 15:02:44.516023
1321,2019111801003649,SJCL,1,40,20,157,3140.00,2019-11-18 15:02:44.516023
1322,2019111801003650,NMB,11,32,487,385,187495.00,2019-11-18 15:02:44.516023
1323,2019111801003651,NMB,43,32,1000,385,385000.00,2019-11-18 15:02:44.516023
1324,2019111801003652,NMB,35,32,700,385,269500.00,2019-11-18 15:02:44.516023
1325,2019111801003653,NMB,48,32,313,385,120505.00,2019-11-18 15:02:44.516023
1326,2019111801003610,EBL,28,1,500,554,277000.00,2019-11-18 15:02:44.516023
1327,2019111801003611,EBL,26,1,250,554,138500.00,2019-11-18 15:02:44.516023
1328,2019111801003612,NBL,8,44,200,320,64000.00,2019-11-18 15:02:44.516023
1329,2019111801003613,NBL,8,58,1000,320,320000.00,2019-11-18 15:02:44.516023
