S.N,Contract_No,Stock_Symbol,Buyer_Broker,Seller_Broker,Quantity,Rate,Amount,Date
1,2019111901004191,NBB,58,32,10,206,2060.00,2019-11-19 15:10:17.345153
2,2019111901004192,NLICL,50,59,100,424,42400.00,2019-11-19 15:10:17.345153
3,2019111901004193,BPCL,21,48,28,347,9716.00,2019-11-19 15:10:17.345153
4,2019111901004194,BPCL,35,48,20,347,6940.00,2019-11-19 15:10:17.345153
5,2019111901004195,BPCL,37,48,10,347,3470.00,2019-11-19 15:10:17.345153
6,2019111901004196,BPCL,51,48,50,347,17350.00,2019-11-19 15:10:17.345153
7,2019111901004197,BPCL,54,48,150,347,52050.00,2019-11-19 15:10:17.345153
8,2019111901004198,BPCL,38,48,100,347,34700.00,2019-11-19 15:10:17.345153
9,2019111901004199,BPCL,1,48,41,347,14227.00,2019-11-19 15:10:17.345153
10,2019111901004200,MEGA,43,38,10,185,1850.00,2019-11-19 15:10:17.345153
11,2019111901004201,NNLB,1,38,35,456,15960.00,2019-11-19 15:10:17.345153
12,2019111901004202,SJCL,45,56,10,157,1570.00,2019-11-19 15:10:17.345153
13,2019111901004203,NLICL,5,56,100,423,42300.00,2019-11-19 15:10:17.345153
14,2019111901004204,NLICL,38,56,726,422,306372.00,2019-11-19 15:10:17.345153
15,2019111901004205,MERO,26,43,25,426,10650.00,2019-11-19 15:10:17.345153
16,2019111901004206,NBL,49,5,20,317,6340.00,2019-11-19 15:10:17.345153
17,2019111901004207,PLIC,28,28,10,310,3100.00,2019-11-19 15:10:17.345153
18,2019111901004208,CHCL,25,22,10,355,3550.00,2019-11-19 15:10:17.345153
19,2019111901004209,CCBL,32,57,200,162,32400.00,2019-11-19 15:10:17.345153
20,2019111901004210,PRVU,4,49,280,229,64120.00,2019-11-19 15:10:17.345153
21,2019111901004211,SCB,41,26,40,548,21920.00,2019-11-19 15:10:17.345153
22,2019111901004212,HGI,48,53,10,244,2440.00,2019-11-19 15:10:17.345153
23,2019111901004213,HGI,59,53,500,243,121500.00,2019-11-19 15:10:17.345153
24,2019111901004214,HGI,25,53,40,242,9680.00,2019-11-19 15:10:17.345153
25,2019111901004215,HGI,45,53,50,242,12100.00,2019-11-19 15:10:17.345153
26,2019111901004216,HGI,20,53,100,242,24200.00,2019-11-19 15:10:17.345153
27,2019111901004217,HGI,5,53,120,242,29040.00,2019-11-19 15:10:17.345153
28,2019111901004218,HGI,6,53,100,241,24100.00,2019-11-19 15:10:17.345153
29,2019111901004219,HGI,48,53,250,241,60250.00,2019-11-19 15:10:17.345153
30,2019111901004220,HGI,34,53,50,241,12050.00,2019-11-19 15:10:17.345153
31,2019111901004221,HGI,42,53,500,241,120500.00,2019-11-19 15:10:17.345153
32,2019111901004222,HGI,41,53,50,241,12050.00,2019-11-19 15:10:17.345153
33,2019111901004223,HGI,49,53,500,241,120500.00,2019-11-19 15:10:17.345153
34,2019111901004224,GLBSL,5,21,100,415,41500.00,2019-11-19 15:10:17.345153
35,2019111901004225,NCCB,58,34,500,200,100000.00,2019-11-19 15:10:17.345153
36,2019111901004226,SAPDBL,57,19,470,120,56400.00,2019-11-19 15:10:17.345153
37,2019111901004227,NHPC,38,51,490,52,25480.00,2019-11-19 15:10:17.345153
38,2019111901004228,PRVU,4,25,118,229,27022.00,2019-11-19 15:10:17.345153
39,2019111901004229,SBL,46,14,85,283,24055.00,2019-11-19 15:10:17.345153
40,2019111901004230,SBL,21,14,200,283,56600.00,2019-11-19 15:10:17.345153
41,2019111901004231,SBL,45,14,100,283,28300.00,2019-11-19 15:10:17.345153
42,2019111901004232,SBL,44,14,115,283,32545.00,2019-11-19 15:10:17.345153
43,2019111901004233,NLIC,25,45,10,792,7920.00,2019-11-19 15:10:17.345153
44,2019111901004234,NBL,22,5,200,316,63200.00,2019-11-19 15:10:17.345153
45,2019111901004235,NBL,51,5,514,316,162424.00,2019-11-19 15:10:17.345153
46,2019111901004236,GBBL,26,58,500,226,113000.00,2019-11-19 15:10:17.345153
47,2019111901004237,ILBS,16,28,20,476,9520.00,2019-11-19 15:10:17.345153
48,2019111901004238,ILBS,50,28,110,476,52360.00,2019-11-19 15:10:17.345153
49,2019111901004239,ILBS,19,28,50,475,23750.00,2019-11-19 15:10:17.345153
50,2019111901004240,HDL,21,58,40,1764,70560.00,2019-11-19 15:10:17.345153
51,2019111901004241,HDL,21,48,40,1765,70600.00,2019-11-19 15:10:17.345153
52,2019111901004242,GBBL,22,58,43,225,9675.00,2019-11-19 15:10:17.345153
53,2019111901004243,GBBL,13,58,500,225,112500.00,2019-11-19 15:10:17.345153
54,2019111901004244,NBL,49,47,10,318,3180.00,2019-11-19 15:10:17.345153
55,2019111901004245,NCCB,58,33,10,201,2010.00,2019-11-19 15:10:17.345153
56,2019111901004246,NBL,33,47,100,318,31800.00,2019-11-19 15:10:17.345153
57,2019111901004247,PCBL,34,56,55,274,15070.00,2019-11-19 15:10:17.345153
58,2019111901004143,PIC,17,33,225,350,78750.00,2019-11-19 15:10:17.345153
59,2019111901004144,NUBL,53,57,22,898,19756.00,2019-11-19 15:10:17.345153
60,2019111901004145,SADBL,46,59,100,138,13800.00,2019-11-19 15:10:17.345153
61,2019111901004146,NICL,43,34,10,257,2570.00,2019-11-19 15:10:17.345153
62,2019111901004147,NBB,54,38,150,204,30600.00,2019-11-19 15:10:17.345153
63,2019111901004148,CZBIL,41,4,100,186,18600.00,2019-11-19 15:10:17.345153
64,2019111901004149,MLBL,59,36,989,177,175053.00,2019-11-19 15:10:17.345153
65,2019111901004150,MLBL,56,36,20,177,3540.00,2019-11-19 15:10:17.345153
66,2019111901004151,MLBL,32,36,310,177,54870.00,2019-11-19 15:10:17.345153
67,2019111901004152,NIB,17,59,25,423,10575.00,2019-11-19 15:10:17.345153
68,2019111901004153,PRVU,4,5,248,228,56544.00,2019-11-19 15:10:17.345153
69,2019111901004154,PRVU,11,5,150,228,34200.00,2019-11-19 15:10:17.345153
70,2019111901004155,PRVU,49,5,294,228,67032.00,2019-11-19 15:10:17.345153
71,2019111901004156,PRVU,4,5,407,228,92796.00,2019-11-19 15:10:17.345153
72,2019111901004157,CIT,35,58,23,1757,40411.00,2019-11-19 15:10:17.345153
73,2019111901004158,GLBSL,11,21,90,415,37350.00,2019-11-19 15:10:17.345153
74,2019111901004159,BPCL,22,48,200,349,69800.00,2019-11-19 15:10:17.345153
75,2019111901004160,BPCL,33,48,10,349,3490.00,2019-11-19 15:10:17.345153
76,2019111901004161,MEGA,14,49,85,183,15555.00,2019-11-19 15:10:17.345153
77,2019111901004162,MEGA,42,49,127,183,23241.00,2019-11-19 15:10:17.345153
78,2019111901004163,NMFBS,36,10,50,1715,85750.00,2019-11-19 15:10:17.345153
79,2019111901004164,CIT,21,58,55,1755,96525.00,2019-11-19 15:10:17.345153
80,2019111901004165,CIT,41,58,20,1755,35100.00,2019-11-19 15:10:17.345153
81,2019111901004166,CIT,26,58,100,1751,175100.00,2019-11-19 15:10:17.345153
82,2019111901004167,CIT,52,58,25,1750,43750.00,2019-11-19 15:10:17.345153
83,2019111901004168,CIT,41,58,20,1750,35000.00,2019-11-19 15:10:17.345153
84,2019111901004169,CIT,37,58,80,1750,140000.00,2019-11-19 15:10:17.345153
85,2019111901004170,BFC,58,56,65,91,5915.00,2019-11-19 15:10:17.345153
86,2019111901004171,PCBL,36,19,990,275,272250.00,2019-11-19 15:10:17.345153
87,2019111901004172,PCBL,36,6,10,275,2750.00,2019-11-19 15:10:17.345153
88,2019111901004173,NIB,40,42,12,422,5064.00,2019-11-19 15:10:17.345153
89,2019111901004174,NIB,8,42,20,422,8440.00,2019-11-19 15:10:17.345153
90,2019111901004175,SWBBL,38,43,100,935,93500.00,2019-11-19 15:10:17.345153
91,2019111901004176,SABSL,45,17,10,549,5490.00,2019-11-19 15:10:17.345153
92,2019111901004177,SABSL,45,21,30,549,16470.00,2019-11-19 15:10:17.345153
93,2019111901004178,SABSL,46,21,25,549,13725.00,2019-11-19 15:10:17.345153
94,2019111901004179,SABSL,14,21,100,549,54900.00,2019-11-19 15:10:17.345153
95,2019111901004180,HBL,11,33,11,486,5346.00,2019-11-19 15:10:17.345153
96,2019111901004181,NHPC,49,49,20000,51,1020000.00,2019-11-19 15:10:17.345153
97,2019111901004182,HDL,48,33,10,1757,17570.00,2019-11-19 15:10:17.345153
98,2019111901004183,RSDC,54,5,16,294,4704.00,2019-11-19 15:10:17.345153
99,2019111901004184,RSDC,50,5,50,294,14700.00,2019-11-19 15:10:17.345153
100,2019111901004185,DBBL,38,49,100,123,12300.00,2019-11-19 15:10:17.345153
101,2019111901004186,CFCL,49,33,253,111,28083.00,2019-11-19 15:10:17.345153
102,2019111901004187,PFL,57,56,39,135,5265.00,2019-11-19 15:10:17.345153
103,2019111901004188,CCBL,44,52,10,163,1630.00,2019-11-19 15:10:17.345153
104,2019111901004189,NCCB,33,33,10,201,2010.00,2019-11-19 15:10:17.345153
105,2019111901004190,SABSL,28,7,60,548,32880.00,2019-11-19 15:10:17.345153
106,2019111901004090,HPPL,18,17,20,134,2680.00,2019-11-19 15:10:17.345153
107,2019111901004091,SABSL,19,45,30,550,16500.00,2019-11-19 15:10:17.345153
108,2019111901004092,PCBL,34,38,351,274,96174.00,2019-11-19 15:10:17.345153
109,2019111901004093,SCB,41,4,500,548,274000.00,2019-11-19 15:10:17.345153
110,2019111901004094,CIT,26,40,30,1756,52680.00,2019-11-19 15:10:17.345153
111,2019111901004095,CIT,21,40,45,1755,78975.00,2019-11-19 15:10:17.345153
112,2019111901004096,NICA,11,38,10,411,4110.00,2019-11-19 15:10:17.345153
113,2019111901004097,NABIL,5,47,200,753,150600.00,2019-11-19 15:10:17.345153
114,2019111901004098,NICA,34,33,207,410,84870.00,2019-11-19 15:10:17.345153
115,2019111901004099,SABSL,45,5,50,549,27450.00,2019-11-19 15:10:17.345153
116,2019111901004100,NUBL,53,46,14,896,12544.00,2019-11-19 15:10:17.345153
117,2019111901004101,MLBL,59,35,989,177,175053.00,2019-11-19 15:10:17.345153
118,2019111901004102,MLBL,59,35,11,177,1947.00,2019-11-19 15:10:17.345153
119,2019111901004103,BOKL,4,17,20,216,4320.00,2019-11-19 15:10:17.345153
120,2019111901004104,HPPL,18,22,10,134,1340.00,2019-11-19 15:10:17.345153
121,2019111901004105,UPPER,25,53,104,226,23504.00,2019-11-19 15:10:17.345153
122,2019111901004106,UPPER,25,58,10,227,2270.00,2019-11-19 15:10:17.345153
123,2019111901004107,MEGA,28,32,133,184,24472.00,2019-11-19 15:10:17.345153
124,2019111901004108,MEGA,28,53,867,184,159528.00,2019-11-19 15:10:17.345153
125,2019111901004109,SHPC,8,6,562,185,103970.00,2019-11-19 15:10:17.345153
126,2019111901004110,GUFL,44,36,315,112,35280.00,2019-11-19 15:10:17.345153
127,2019111901004111,NICA,33,38,200,411,82200.00,2019-11-19 15:10:17.345153
128,2019111901004112,NIL,39,48,10,377,3770.00,2019-11-19 15:10:17.345153
129,2019111901004113,SBL,40,3,225,284,63900.00,2019-11-19 15:10:17.345153
130,2019111901004114,AKJCL,42,17,10,54,540.00,2019-11-19 15:10:17.345153
131,2019111901004115,NMB,7,33,15,384,5760.00,2019-11-19 15:10:17.345153
132,2019111901004116,SCB,41,4,400,548,219200.00,2019-11-19 15:10:17.345153
133,2019111901004117,SLBBL,26,25,35,598,20930.00,2019-11-19 15:10:17.345153
134,2019111901004118,SLBBL,26,22,100,600,60000.00,2019-11-19 15:10:17.345153
135,2019111901004119,SHIVM,41,56,40,420,16800.00,2019-11-19 15:10:17.345153
136,2019111901004120,SHIVM,6,56,50,419,20950.00,2019-11-19 15:10:17.345153
137,2019111901004121,SHIVM,29,56,10,418,4180.00,2019-11-19 15:10:17.345153
138,2019111901004122,CCBL,32,46,200,162,32400.00,2019-11-19 15:10:17.345153
139,2019111901004123,CBL,43,59,10,138,1380.00,2019-11-19 15:10:17.345153
140,2019111901004124,NNLB,32,38,40,457,18280.00,2019-11-19 15:10:17.345153
141,2019111901004125,NNLB,22,38,150,457,68550.00,2019-11-19 15:10:17.345153
142,2019111901004126,NNLB,57,38,20,457,9140.00,2019-11-19 15:10:17.345153
143,2019111901004127,NNLB,42,38,58,456,26448.00,2019-11-19 15:10:17.345153
144,2019111901004128,NNLB,32,38,100,456,45600.00,2019-11-19 15:10:17.345153
145,2019111901004129,NNLB,1,38,50,456,22800.00,2019-11-19 15:10:17.345153
146,2019111901004130,NNLB,1,38,50,456,22800.00,2019-11-19 15:10:17.345153
147,2019111901004131,MEGA,28,53,123,184,22632.00,2019-11-19 15:10:17.345153
148,2019111901004132,LBL,25,22,100,217,21700.00,2019-11-19 15:10:17.345153
149,2019111901004133,LBL,25,16,258,217,55986.00,2019-11-19 15:10:17.345153
150,2019111901004134,NBL,39,5,100,317,31700.00,2019-11-19 15:10:17.345153
151,2019111901004135,PCBL,42,19,10,275,2750.00,2019-11-19 15:10:17.345153
152,2019111901004136,GRDBL,1,22,10,101,1010.00,2019-11-19 15:10:17.345153
153,2019111901004137,HBL,6,38,18,483,8694.00,2019-11-19 15:10:17.345153
154,2019111901004138,KBL,58,4,1430,179,255970.00,2019-11-19 15:10:17.345153
155,2019111901004139,KBL,58,4,20,179,3580.00,2019-11-19 15:10:17.345153
156,2019111901004140,KBL,58,4,184,179,32936.00,2019-11-19 15:10:17.345153
157,2019111901004141,KBL,58,48,833,179,149107.00,2019-11-19 15:10:17.345153
158,2019111901004142,SHIVM,25,34,10,425,4250.00,2019-11-19 15:10:17.345153
159,2019111901004041,MLBBL,32,58,10,441,4410.00,2019-11-19 15:10:17.345153
160,2019111901004042,NBB,34,49,33,204,6732.00,2019-11-19 15:10:17.345153
161,2019111901004043,NBB,14,49,100,204,20400.00,2019-11-19 15:10:17.345153
162,2019111901004044,NBB,3,49,20,204,4080.00,2019-11-19 15:10:17.345153
163,2019111901004045,NBB,28,49,190,204,38760.00,2019-11-19 15:10:17.345153
164,2019111901004046,ALBSL,16,13,10,399,3990.00,2019-11-19 15:10:17.345153
165,2019111901004047,SANIMA,49,33,96,306,29376.00,2019-11-19 15:10:17.345153
166,2019111901004048,SINDU,21,42,100,119,11900.00,2019-11-19 15:10:17.345153
167,2019111901004049,SINDU,47,42,130,118,15340.00,2019-11-19 15:10:17.345153
168,2019111901004050,SINDU,34,42,50,116,5800.00,2019-11-19 15:10:17.345153
169,2019111901004051,SINDU,39,42,200,116,23200.00,2019-11-19 15:10:17.345153
170,2019111901004052,SINDU,29,42,21,116,2436.00,2019-11-19 15:10:17.345153
171,2019111901004053,NMB,45,10,71,385,27335.00,2019-11-19 15:10:17.345153
172,2019111901004054,NMB,45,49,292,385,112420.00,2019-11-19 15:10:17.345153
173,2019111901004055,NMB,45,4,1137,385,437745.00,2019-11-19 15:10:17.345153
174,2019111901004056,CZBIL,41,22,10,185,1850.00,2019-11-19 15:10:17.345153
175,2019111901004057,SICL,50,16,50,738,36900.00,2019-11-19 15:10:17.345153
176,2019111901004058,SICL,39,16,65,737,47905.00,2019-11-19 15:10:17.345153
177,2019111901004059,SICL,39,16,12,737,8844.00,2019-11-19 15:10:17.345153
178,2019111901004060,NMB,33,4,1000,384,384000.00,2019-11-19 15:10:17.345153
179,2019111901004061,PCBL,34,8,420,274,115080.00,2019-11-19 15:10:17.345153
180,2019111901004062,KSBBL,38,58,101,135,13635.00,2019-11-19 15:10:17.345153
181,2019111901004063,KSBBL,41,58,100,135,13500.00,2019-11-19 15:10:17.345153
182,2019111901004064,NLBBL,26,5,79,501,39579.00,2019-11-19 15:10:17.345153
183,2019111901004065,NLBBL,6,5,10,501,5010.00,2019-11-19 15:10:17.345153
184,2019111901004066,NLBBL,43,5,72,501,36072.00,2019-11-19 15:10:17.345153
185,2019111901004067,SAPDBL,57,16,130,120,15600.00,2019-11-19 15:10:17.345153
186,2019111901004068,NLG,6,25,10,524,5240.00,2019-11-19 15:10:17.345153
187,2019111901004069,NLG,6,16,10,525,5250.00,2019-11-19 15:10:17.345153
188,2019111901004070,NMB,36,4,200,385,77000.00,2019-11-19 15:10:17.345153
189,2019111901004071,SLBBL,57,42,30,593,17790.00,2019-11-19 15:10:17.345153
190,2019111901004072,PCBL,34,34,351,274,96174.00,2019-11-19 15:10:17.345153
191,2019111901004073,SPARS,45,58,10,520,5200.00,2019-11-19 15:10:17.345153
192,2019111901004074,SLBBL,57,42,40,593,23720.00,2019-11-19 15:10:17.345153
193,2019111901004075,UPPER,48,53,19,226,4294.00,2019-11-19 15:10:17.345153
194,2019111901004076,NCCB,45,33,47,200,9400.00,2019-11-19 15:10:17.345153
195,2019111901004077,NCCB,58,33,1000,200,200000.00,2019-11-19 15:10:17.345153
196,2019111901004078,NCCB,17,33,2000,200,400000.00,2019-11-19 15:10:17.345153
197,2019111901004079,NCCB,32,33,1000,200,200000.00,2019-11-19 15:10:17.345153
198,2019111901004080,NCCB,58,33,2192,200,438400.00,2019-11-19 15:10:17.345153
199,2019111901004081,SHL,53,4,100,212,21200.00,2019-11-19 15:10:17.345153
200,2019111901004082,CIT,35,58,20,1757,35140.00,2019-11-19 15:10:17.345153
201,2019111901004083,NIL,49,53,300,375,112500.00,2019-11-19 15:10:17.345153
202,2019111901004084,NLG,8,16,10,520,5200.00,2019-11-19 15:10:17.345153
203,2019111901004085,NLG,7,16,24,516,12384.00,2019-11-19 15:10:17.345153
204,2019111901004086,NLG,19,16,48,516,24768.00,2019-11-19 15:10:17.345153
205,2019111901004087,NBL,40,5,66,317,20922.00,2019-11-19 15:10:17.345153
206,2019111901004088,NBL,20,5,100,317,31700.00,2019-11-19 15:10:17.345153
207,2019111901004089,NLIC,52,52,22,791,17402.00,2019-11-19 15:10:17.345153
208,2019111901004000,NABIL,14,47,15,753,11295.00,2019-11-19 15:10:17.345153
209,2019111901004001,SRBL,38,34,100,213,21300.00,2019-11-19 15:10:17.345153
210,2019111901004002,PCBL,34,49,319,274,87406.00,2019-11-19 15:10:17.345153
211,2019111901004003,UPPER,25,35,100,226,22600.00,2019-11-19 15:10:17.345153
212,2019111901004004,UPPER,25,19,50,226,11300.00,2019-11-19 15:10:17.345153
213,2019111901004005,UPPER,25,19,40,226,9040.00,2019-11-19 15:10:17.345153
214,2019111901004006,UPPER,25,58,20,227,4540.00,2019-11-19 15:10:17.345153
215,2019111901004007,SLICL,54,16,23,256,5888.00,2019-11-19 15:10:17.345153
216,2019111901004008,NIB,17,59,100,423,42300.00,2019-11-19 15:10:17.345153
217,2019111901004009,CFCL,32,33,970,111,107670.00,2019-11-19 15:10:17.345153
218,2019111901004010,SLBBL,48,41,10,598,5980.00,2019-11-19 15:10:17.345153
219,2019111901004011,SLBBL,48,25,30,598,17940.00,2019-11-19 15:10:17.345153
220,2019111901004012,NNLB,32,58,10,457,4570.00,2019-11-19 15:10:17.345153
221,2019111901004013,SPARS,45,13,10,520,5200.00,2019-11-19 15:10:17.345153
222,2019111901004014,UMHL,28,43,54,101,5454.00,2019-11-19 15:10:17.345153
223,2019111901004015,UIC,28,42,20,234,4680.00,2019-11-19 15:10:17.345153
224,2019111901004016,SCB,33,4,50,548,27400.00,2019-11-19 15:10:17.345153
225,2019111901004017,SCB,40,4,100,548,54800.00,2019-11-19 15:10:17.345153
226,2019111901004018,CBBL,11,53,16,970,15520.00,2019-11-19 15:10:17.345153
227,2019111901004019,CBL,41,22,13,137,1781.00,2019-11-19 15:10:17.345153
228,2019111901004020,CIT,16,58,22,1760,38720.00,2019-11-19 15:10:17.345153
229,2019111901004021,CIT,26,58,115,1757,202055.00,2019-11-19 15:10:17.345153
230,2019111901004022,CIT,26,58,20,1757,35140.00,2019-11-19 15:10:17.345153
231,2019111901004023,NMB,28,49,32,385,12320.00,2019-11-19 15:10:17.345153
232,2019111901004024,ALICL,59,5,48,316,15168.00,2019-11-19 15:10:17.345153
233,2019111901004025,ALICL,44,5,200,316,63200.00,2019-11-19 15:10:17.345153
234,2019111901004026,ALICL,42,5,10,316,3160.00,2019-11-19 15:10:17.345153
235,2019111901004027,ALICL,19,5,300,315,94500.00,2019-11-19 15:10:17.345153
236,2019111901004028,ALICL,49,5,42,315,13230.00,2019-11-19 15:10:17.345153
237,2019111901004029,GLICL,14,58,10,355,3550.00,2019-11-19 15:10:17.345153
238,2019111901004030,NTC,59,22,20,626,12520.00,2019-11-19 15:10:17.345153
239,2019111901004031,SABSL,45,13,10,549,5490.00,2019-11-19 15:10:17.345153
240,2019111901004032,MNBBL,43,16,32,315,10080.00,2019-11-19 15:10:17.345153
241,2019111901004033,NCCB,58,33,75,201,15075.00,2019-11-19 15:10:17.345153
242,2019111901004034,CHCL,45,22,104,352,36608.00,2019-11-19 15:10:17.345153
243,2019111901004035,MNBBL,14,38,100,318,31800.00,2019-11-19 15:10:17.345153
244,2019111901004036,NLBBL,26,1,57,501,28557.00,2019-11-19 15:10:17.345153
245,2019111901004037,CCBL,8,55,200,162,32400.00,2019-11-19 15:10:17.345153
246,2019111901004038,CCBL,8,45,178,162,28836.00,2019-11-19 15:10:17.345153
247,2019111901004039,CCBL,8,50,100,162,16200.00,2019-11-19 15:10:17.345153
248,2019111901004040,CCBL,8,38,17,162,2754.00,2019-11-19 15:10:17.345153
249,2019111901003972,HDL,44,58,50,1764,88200.00,2019-11-19 15:10:17.345153
250,2019111901003973,AKBSL,7,8,20,433,8660.00,2019-11-19 15:10:17.345153
251,2019111901003974,AKBSL,7,8,80,433,34640.00,2019-11-19 15:10:17.345153
252,2019111901003975,HURJA,38,19,20,99,1980.00,2019-11-19 15:10:17.345153
253,2019111901003976,PCBL,34,52,500,274,137000.00,2019-11-19 15:10:17.345153
254,2019111901003977,ADBL,39,33,670,415,278050.00,2019-11-19 15:10:17.345153
255,2019111901003978,ADBL,49,33,371,415,153965.00,2019-11-19 15:10:17.345153
256,2019111901003979,RHPL,54,14,230,163,37490.00,2019-11-19 15:10:17.345153
257,2019111901003980,RHPL,59,14,200,163,32600.00,2019-11-19 15:10:17.345153
258,2019111901003981,RHPL,59,14,500,163,81500.00,2019-11-19 15:10:17.345153
259,2019111901003982,RHPL,40,14,530,163,86390.00,2019-11-19 15:10:17.345153
260,2019111901003983,RHPL,55,14,140,163,22820.00,2019-11-19 15:10:17.345153
261,2019111901003984,CHCL,56,22,2000,350,700000.00,2019-11-19 15:10:17.345153
262,2019111901003985,SABSL,28,58,10,548,5480.00,2019-11-19 15:10:17.345153
263,2019111901003986,MEGA,21,53,10,184,1840.00,2019-11-19 15:10:17.345153
264,2019111901003987,NLIC,8,49,331,790,261490.00,2019-11-19 15:10:17.345153
265,2019111901003988,NABIL,17,47,100,753,75300.00,2019-11-19 15:10:17.345153
266,2019111901003989,ILBS,50,19,90,477,42930.00,2019-11-19 15:10:17.345153
267,2019111901003990,PLIC,19,58,10,304,3040.00,2019-11-19 15:10:17.345153
268,2019111901003991,AKBSL,7,8,10,433,4330.00,2019-11-19 15:10:17.345153
269,2019111901003992,NCCB,58,34,839,201,168639.00,2019-11-19 15:10:17.345153
270,2019111901003993,ADBL,39,32,17,416,7072.00,2019-11-19 15:10:17.345153
271,2019111901003994,ADBL,39,5,300,416,124800.00,2019-11-19 15:10:17.345153
272,2019111901003995,ADBL,39,8,50,416,20800.00,2019-11-19 15:10:17.345153
273,2019111901003996,ADBL,39,56,650,416,270400.00,2019-11-19 15:10:17.345153
274,2019111901003997,ADBL,39,33,2000,416,832000.00,2019-11-19 15:10:17.345153
275,2019111901003998,NTC,38,41,100,625,62500.00,2019-11-19 15:10:17.345153
276,2019111901003999,NTC,59,41,200,623,124600.00,2019-11-19 15:10:17.345153
277,2019111901003930,SHL,11,4,400,211,84400.00,2019-11-19 15:10:17.345153
278,2019111901003931,SHL,26,4,150,211,31650.00,2019-11-19 15:10:17.345153
279,2019111901003932,HURJA,17,17,20,99,1980.00,2019-11-19 15:10:17.345153
280,2019111901003933,NLBBL,26,28,14,501,7014.00,2019-11-19 15:10:17.345153
281,2019111901003934,NMB,45,48,390,385,150150.00,2019-11-19 15:10:17.345153
282,2019111901003935,SHL,46,4,100,211,21100.00,2019-11-19 15:10:17.345153
283,2019111901003936,CIT,42,41,10,1760,17600.00,2019-11-19 15:10:17.345153
284,2019111901003937,CIT,26,41,35,1757,61495.00,2019-11-19 15:10:17.345153
285,2019111901003938,NIB,32,59,76,423,32148.00,2019-11-19 15:10:17.345153
286,2019111901003939,NMFBS,19,10,30,1706,51180.00,2019-11-19 15:10:17.345153
287,2019111901003940,VLBS,32,37,283,583,164989.00,2019-11-19 15:10:17.345153
288,2019111901003941,VLBS,32,29,30,583,17490.00,2019-11-19 15:10:17.345153
289,2019111901003942,VLBS,32,8,13,590,7670.00,2019-11-19 15:10:17.345153
290,2019111901003943,NMFBS,26,16,10,1729,17290.00,2019-11-19 15:10:17.345153
291,2019111901003944,NMFBS,26,38,100,1730,173000.00,2019-11-19 15:10:17.345153
292,2019111901003945,NCCB,58,21,86,201,17286.00,2019-11-19 15:10:17.345153
293,2019111901003946,NBL,14,47,100,318,31800.00,2019-11-19 15:10:17.345153
294,2019111901003947,NBL,16,42,36,317,11412.00,2019-11-19 15:10:17.345153
295,2019111901003948,NBL,44,42,1000,317,317000.00,2019-11-19 15:10:17.345153
296,2019111901003949,NBL,45,42,30,317,9510.00,2019-11-19 15:10:17.345153
297,2019111901003950,NBL,19,42,50,317,15850.00,2019-11-19 15:10:17.345153
298,2019111901003951,NBL,47,42,130,317,41210.00,2019-11-19 15:10:17.345153
299,2019111901003952,NBL,33,42,200,317,63400.00,2019-11-19 15:10:17.345153
300,2019111901003953,NBL,40,42,100,317,31700.00,2019-11-19 15:10:17.345153
301,2019111901003954,NBL,19,42,400,317,126800.00,2019-11-19 15:10:17.345153
302,2019111901003955,NBL,22,42,20,317,6340.00,2019-11-19 15:10:17.345153
303,2019111901003956,NBL,40,42,34,317,10778.00,2019-11-19 15:10:17.345153
304,2019111901003957,NMB,45,48,71,385,27335.00,2019-11-19 15:10:17.345153
305,2019111901003958,DDBL,18,28,17,727,12359.00,2019-11-19 15:10:17.345153
306,2019111901003959,SBL,43,14,225,284,63900.00,2019-11-19 15:10:17.345153
307,2019111901003960,SBL,43,3,75,284,21300.00,2019-11-19 15:10:17.345153
308,2019111901003961,NLIC,8,35,37,790,29230.00,2019-11-19 15:10:17.345153
309,2019111901003962,AKBSL,7,8,10,433,4330.00,2019-11-19 15:10:17.345153
310,2019111901003963,CBBL,11,21,34,970,32980.00,2019-11-19 15:10:17.345153
311,2019111901003964,SJCL,13,14,50,158,7900.00,2019-11-19 15:10:17.345153
312,2019111901003965,NIB,32,59,65,423,27495.00,2019-11-19 15:10:17.345153
313,2019111901003966,NIB,22,59,10,423,4230.00,2019-11-19 15:10:17.345153
314,2019111901003967,NMB,45,10,129,385,49665.00,2019-11-19 15:10:17.345153
315,2019111901003968,SHPC,42,6,50,185,9250.00,2019-11-19 15:10:17.345153
316,2019111901003969,SHPC,48,6,23,185,4255.00,2019-11-19 15:10:17.345153
317,2019111901003970,NTC,38,19,20,625,12500.00,2019-11-19 15:10:17.345153
318,2019111901003971,CBL,22,22,500,137,68500.00,2019-11-19 15:10:17.345153
319,2019111901003886,SJCL,45,41,20,157,3140.00,2019-11-19 15:10:17.345153
320,2019111901003887,TMDBL,39,38,313,144,45072.00,2019-11-19 15:10:17.345153
321,2019111901003888,TMDBL,48,38,200,143,28600.00,2019-11-19 15:10:17.345153
322,2019111901003889,TMDBL,14,38,38,143,5434.00,2019-11-19 15:10:17.345153
323,2019111901003890,TMDBL,40,38,65,143,9295.00,2019-11-19 15:10:17.345153
324,2019111901003891,PCBL,39,34,125,274,34250.00,2019-11-19 15:10:17.345153
325,2019111901003892,PCBL,39,14,200,274,54800.00,2019-11-19 15:10:17.345153
326,2019111901003893,PCBL,39,8,138,274,37812.00,2019-11-19 15:10:17.345153
327,2019111901003894,PCBL,39,8,249,274,68226.00,2019-11-19 15:10:17.345153
328,2019111901003895,ILBS,33,51,50,479,23950.00,2019-11-19 15:10:17.345153
329,2019111901003896,ILBS,33,18,270,479,129330.00,2019-11-19 15:10:17.345153
330,2019111901003897,NBB,48,58,100,205,20500.00,2019-11-19 15:10:17.345153
331,2019111901003898,NBB,48,38,150,205,30750.00,2019-11-19 15:10:17.345153
332,2019111901003899,HURJA,17,17,20,99,1980.00,2019-11-19 15:10:17.345153
333,2019111901003900,SJCL,48,14,20,158,3160.00,2019-11-19 15:10:17.345153
334,2019111901003901,SJCL,45,40,20,157,3140.00,2019-11-19 15:10:17.345153
335,2019111901003902,RADHI,21,22,20,147,2940.00,2019-11-19 15:10:17.345153
336,2019111901003903,SABSL,28,42,100,548,54800.00,2019-11-19 15:10:17.345153
337,2019111901003904,NBL,6,33,36,317,11412.00,2019-11-19 15:10:17.345153
338,2019111901003905,NBL,16,33,464,317,147088.00,2019-11-19 15:10:17.345153
339,2019111901003906,NNLB,32,38,99,460,45540.00,2019-11-19 15:10:17.345153
340,2019111901003907,NMB,25,10,200,385,77000.00,2019-11-19 15:10:17.345153
341,2019111901003908,NMB,45,10,100,385,38500.00,2019-11-19 15:10:17.345153
342,2019111901003909,RHPC,42,43,1000,74,74000.00,2019-11-19 15:10:17.345153
343,2019111901003910,HURJA,17,17,20,99,1980.00,2019-11-19 15:10:17.345153
344,2019111901003911,FOWAD,26,8,19,1320,25080.00,2019-11-19 15:10:17.345153
345,2019111901003912,FOWAD,26,22,10,1321,13210.00,2019-11-19 15:10:17.345153
346,2019111901003913,FOWAD,26,57,10,1324,13240.00,2019-11-19 15:10:17.345153
347,2019111901003914,FOWAD,26,42,10,1325,13250.00,2019-11-19 15:10:17.345153
348,2019111901003915,NBL,16,38,500,317,158500.00,2019-11-19 15:10:17.345153
349,2019111901003916,CBL,59,52,1173,136,159528.00,2019-11-19 15:10:17.345153
350,2019111901003917,CBL,6,52,898,136,122128.00,2019-11-19 15:10:17.345153
351,2019111901003918,NIB,28,59,18,424,7632.00,2019-11-19 15:10:17.345153
352,2019111901003919,RHPC,42,48,100,75,7500.00,2019-11-19 15:10:17.345153
353,2019111901003920,RHPC,42,26,100,75,7500.00,2019-11-19 15:10:17.345153
354,2019111901003921,RHPC,42,26,300,75,22500.00,2019-11-19 15:10:17.345153
355,2019111901003922,UPPER,48,45,36,226,8136.00,2019-11-19 15:10:17.345153
356,2019111901003923,ILBS,33,22,80,480,38400.00,2019-11-19 15:10:17.345153
357,2019111901003924,SHL,32,4,782,211,165002.00,2019-11-19 15:10:17.345153
358,2019111901003925,SHL,57,4,100,211,21100.00,2019-11-19 15:10:17.345153
359,2019111901003926,SHL,17,4,100,211,21100.00,2019-11-19 15:10:17.345153
360,2019111901003927,SHL,42,4,500,211,105500.00,2019-11-19 15:10:17.345153
361,2019111901003928,SHL,6,4,100,211,21100.00,2019-11-19 15:10:17.345153
362,2019111901003929,SHL,40,4,100,211,21100.00,2019-11-19 15:10:17.345153
363,2019111901003841,GBLBS,18,37,435,299,130065.00,2019-11-19 15:10:17.345153
364,2019111901003842,CBL,59,59,200,136,27200.00,2019-11-19 15:10:17.345153
365,2019111901003843,NIL,49,53,700,375,262500.00,2019-11-19 15:10:17.345153
366,2019111901003844,LGIL,50,45,60,316,18960.00,2019-11-19 15:10:17.345153
367,2019111901003845,AKPL,40,38,50,120,6000.00,2019-11-19 15:10:17.345153
368,2019111901003846,AKPL,45,38,500,120,60000.00,2019-11-19 15:10:17.345153
369,2019111901003847,AKPL,55,38,2000,120,240000.00,2019-11-19 15:10:17.345153
370,2019111901003848,CLBSL,38,37,143,455,65065.00,2019-11-19 15:10:17.345153
371,2019111901003849,LICN,20,52,19,990,18810.00,2019-11-19 15:10:17.345153
372,2019111901003850,SHINE,28,32,32,255,8160.00,2019-11-19 15:10:17.345153
373,2019111901003851,CBL,59,52,600,136,81600.00,2019-11-19 15:10:17.345153
374,2019111901003852,HDL,45,39,18,1760,31680.00,2019-11-19 15:10:17.345153
375,2019111901003853,HDL,47,39,30,1758,52740.00,2019-11-19 15:10:17.345153
376,2019111901003854,HDL,55,39,30,1757,52710.00,2019-11-19 15:10:17.345153
377,2019111901003855,HDL,48,39,12,1757,21084.00,2019-11-19 15:10:17.345153
378,2019111901003856,JOSHI,3,38,20,57,1140.00,2019-11-19 15:10:17.345153
379,2019111901003857,PCBL,6,34,200,274,54800.00,2019-11-19 15:10:17.345153
380,2019111901003858,PLIC,41,1,81,305,24705.00,2019-11-19 15:10:17.345153
381,2019111901003859,PLIC,39,1,100,305,30500.00,2019-11-19 15:10:17.345153
382,2019111901003860,PLIC,50,1,100,305,30500.00,2019-11-19 15:10:17.345153
383,2019111901003861,NLIC,52,52,22,791,17402.00,2019-11-19 15:10:17.345153
384,2019111901003862,RHPL,36,47,30,164,4920.00,2019-11-19 15:10:17.345153
385,2019111901003863,HURJA,17,17,20,99,1980.00,2019-11-19 15:10:17.345153
386,2019111901003864,NMB,56,49,200,385,77000.00,2019-11-19 15:10:17.345153
387,2019111901003865,SHL,41,1,247,212,52364.00,2019-11-19 15:10:17.345153
388,2019111901003866,PLIC,57,1,50,304,15200.00,2019-11-19 15:10:17.345153
389,2019111901003867,PLIC,19,1,124,304,37696.00,2019-11-19 15:10:17.345153
390,2019111901003868,RHPL,36,40,30,164,4920.00,2019-11-19 15:10:17.345153
391,2019111901003869,RBCL,59,28,10,8248,82480.00,2019-11-19 15:10:17.345153
392,2019111901003870,SJCL,45,47,20,157,3140.00,2019-11-19 15:10:17.345153
393,2019111901003871,LLBS,37,45,100,690,69000.00,2019-11-19 15:10:17.345153
394,2019111901003872,RHPL,54,41,40,163,6520.00,2019-11-19 15:10:17.345153
395,2019111901003873,NMB,25,49,134,385,51590.00,2019-11-19 15:10:17.345153
396,2019111901003874,NMB,25,35,200,385,77000.00,2019-11-19 15:10:17.345153
397,2019111901003875,RHPL,48,45,20,165,3300.00,2019-11-19 15:10:17.345153
398,2019111901003876,AKPL,41,42,50,119,5950.00,2019-11-19 15:10:17.345153
399,2019111901003877,AKPL,45,42,30,119,3570.00,2019-11-19 15:10:17.345153
400,2019111901003878,AKPL,55,42,200,119,23800.00,2019-11-19 15:10:17.345153
401,2019111901003879,AKPL,19,42,500,119,59500.00,2019-11-19 15:10:17.345153
402,2019111901003880,AKPL,21,42,20,119,2380.00,2019-11-19 15:10:17.345153
403,2019111901003881,NCCB,34,43,47,200,9400.00,2019-11-19 15:10:17.345153
404,2019111901003882,NCCB,45,43,953,200,190600.00,2019-11-19 15:10:17.345153
405,2019111901003883,LGIL,50,28,230,316,72680.00,2019-11-19 15:10:17.345153
406,2019111901003884,LGIL,38,28,56,315,17640.00,2019-11-19 15:10:17.345153
407,2019111901003885,LGIL,49,28,414,315,130410.00,2019-11-19 15:10:17.345153
408,2019111901003780,PLIC,41,52,19,305,5795.00,2019-11-19 15:10:17.345153
409,2019111901003781,HDL,7,45,10,1761,17610.00,2019-11-19 15:10:17.345153
410,2019111901003782,HDL,10,45,38,1761,66918.00,2019-11-19 15:10:17.345153
411,2019111901003783,HDL,25,45,50,1761,88050.00,2019-11-19 15:10:17.345153
412,2019111901003784,HDL,53,45,20,1760,35200.00,2019-11-19 15:10:17.345153
413,2019111901003785,HDL,45,45,382,1760,672320.00,2019-11-19 15:10:17.345153
414,2019111901003786,PMHPL,58,38,10,84,840.00,2019-11-19 15:10:17.345153
415,2019111901003787,UPPER,49,25,482,226,108932.00,2019-11-19 15:10:17.345153
416,2019111901003788,UPPER,49,56,438,226,98988.00,2019-11-19 15:10:17.345153
417,2019111901003789,UPPER,49,17,50,226,11300.00,2019-11-19 15:10:17.345153
418,2019111901003790,UPPER,49,37,300,226,67800.00,2019-11-19 15:10:17.345153
419,2019111901003791,UPPER,49,45,130,226,29380.00,2019-11-19 15:10:17.345153
420,2019111901003792,NUBL,53,38,14,889,12446.00,2019-11-19 15:10:17.345153
421,2019111901003793,HDL,45,7,100,1760,176000.00,2019-11-19 15:10:17.345153
422,2019111901003794,PRVU,32,52,24,229,5496.00,2019-11-19 15:10:17.345153
423,2019111901003795,MEGA,14,48,119,183,21777.00,2019-11-19 15:10:17.345153
424,2019111901003796,PIC,17,38,11,350,3850.00,2019-11-19 15:10:17.345153
425,2019111901003797,SABSL,53,34,10,550,5500.00,2019-11-19 15:10:17.345153
426,2019111901003798,SABSL,53,34,10,550,5500.00,2019-11-19 15:10:17.345153
427,2019111901003799,HURJA,17,17,20,99,1980.00,2019-11-19 15:10:17.345153
428,2019111901003800,NMB,58,49,200,385,77000.00,2019-11-19 15:10:17.345153
429,2019111901003801,SCB,29,4,30,550,16500.00,2019-11-19 15:10:17.345153
430,2019111901003802,SCB,58,4,20,550,11000.00,2019-11-19 15:10:17.345153
431,2019111901003803,SCB,59,4,20,550,11000.00,2019-11-19 15:10:17.345153
432,2019111901003804,SCB,29,4,100,549,54900.00,2019-11-19 15:10:17.345153
433,2019111901003805,SCB,33,4,109,549,59841.00,2019-11-19 15:10:17.345153
434,2019111901003806,SCB,33,4,49,549,26901.00,2019-11-19 15:10:17.345153
435,2019111901003807,SCB,6,4,84,548,46032.00,2019-11-19 15:10:17.345153
436,2019111901003808,SCB,35,4,200,548,109600.00,2019-11-19 15:10:17.345153
437,2019111901003809,SCB,35,4,30,548,16440.00,2019-11-19 15:10:17.345153
438,2019111901003810,SCB,52,4,100,548,54800.00,2019-11-19 15:10:17.345153
439,2019111901003811,NBL,48,42,100,317,31700.00,2019-11-19 15:10:17.345153
440,2019111901003812,NBL,51,42,1000,317,317000.00,2019-11-19 15:10:17.345153
441,2019111901003813,NBL,57,42,200,317,63400.00,2019-11-19 15:10:17.345153
442,2019111901003814,NBL,57,42,100,317,31700.00,2019-11-19 15:10:17.345153
443,2019111901003815,NBL,25,42,50,317,15850.00,2019-11-19 15:10:17.345153
444,2019111901003816,NBL,1,42,500,317,158500.00,2019-11-19 15:10:17.345153
445,2019111901003817,NBL,43,42,1000,317,317000.00,2019-11-19 15:10:17.345153
446,2019111901003818,NBL,22,42,200,317,63400.00,2019-11-19 15:10:17.345153
447,2019111901003819,NBL,56,42,1000,317,317000.00,2019-11-19 15:10:17.345153
448,2019111901003820,NBL,25,42,300,317,95100.00,2019-11-19 15:10:17.345153
449,2019111901003821,NBL,35,42,100,317,31700.00,2019-11-19 15:10:17.345153
450,2019111901003822,NBL,6,42,464,317,147088.00,2019-11-19 15:10:17.345153
451,2019111901003823,CHL,13,13,13,81,1053.00,2019-11-19 15:10:17.345153
452,2019111901003824,SABSL,53,39,10,550,5500.00,2019-11-19 15:10:17.345153
453,2019111901003825,SABSL,28,39,190,548,104120.00,2019-11-19 15:10:17.345153
454,2019111901003826,NHDL,45,56,20,105,2100.00,2019-11-19 15:10:17.345153
455,2019111901003827,CBBL,44,58,50,968,48400.00,2019-11-19 15:10:17.345153
456,2019111901003828,CBBL,41,58,150,968,145200.00,2019-11-19 15:10:17.345153
457,2019111901003829,CBBL,28,58,50,968,48400.00,2019-11-19 15:10:17.345153
458,2019111901003830,CBBL,42,58,370,967,357790.00,2019-11-19 15:10:17.345153
459,2019111901003831,CBBL,45,58,107,967,103469.00,2019-11-19 15:10:17.345153
460,2019111901003832,CBBL,44,58,100,967,96700.00,2019-11-19 15:10:17.345153
461,2019111901003833,CBBL,20,58,153,966,147798.00,2019-11-19 15:10:17.345153
462,2019111901003834,NLIC,8,55,200,790,158000.00,2019-11-19 15:10:17.345153
463,2019111901003835,MBL,58,34,106,223,23638.00,2019-11-19 15:10:17.345153
464,2019111901003836,MBL,58,25,94,223,20962.00,2019-11-19 15:10:17.345153
465,2019111901003837,HURJA,17,17,20,99,1980.00,2019-11-19 15:10:17.345153
466,2019111901003838,PRVU,32,5,401,229,91829.00,2019-11-19 15:10:17.345153
467,2019111901003839,SKBBL,42,46,119,935,111265.00,2019-11-19 15:10:17.345153
468,2019111901003840,TMDBL,39,52,26,144,3744.00,2019-11-19 15:10:17.345153
469,2019111901003735,NICA,28,38,24,411,9864.00,2019-11-19 15:10:17.345153
470,2019111901003736,SABSL,28,42,10,548,5480.00,2019-11-19 15:10:17.345153
471,2019111901003737,NBB,7,26,579,205,118695.00,2019-11-19 15:10:17.345153
472,2019111901003738,NBB,34,26,71,204,14484.00,2019-11-19 15:10:17.345153
473,2019111901003739,AKJCL,42,38,10,54,540.00,2019-11-19 15:10:17.345153
474,2019111901003740,BPCL,21,34,50,347,17350.00,2019-11-19 15:10:17.345153
475,2019111901003741,HURJA,17,17,20,99,1980.00,2019-11-19 15:10:17.345153
476,2019111901003742,GBBL,49,32,43,225,9675.00,2019-11-19 15:10:17.345153
477,2019111901003743,GBBL,22,32,57,225,12825.00,2019-11-19 15:10:17.345153
478,2019111901003744,NMB,36,49,15,385,5775.00,2019-11-19 15:10:17.345153
479,2019111901003745,NMB,40,49,300,385,115500.00,2019-11-19 15:10:17.345153
480,2019111901003746,NMB,32,49,140,385,53900.00,2019-11-19 15:10:17.345153
481,2019111901003747,NMB,1,49,500,385,192500.00,2019-11-19 15:10:17.345153
482,2019111901003748,NMB,19,49,1000,385,385000.00,2019-11-19 15:10:17.345153
483,2019111901003749,NMB,29,49,83,385,31955.00,2019-11-19 15:10:17.345153
484,2019111901003750,NCCB,36,21,100,201,20100.00,2019-11-19 15:10:17.345153
485,2019111901003751,ADBL,39,26,793,415,329095.00,2019-11-19 15:10:17.345153
486,2019111901003752,LBL,49,34,250,217,54250.00,2019-11-19 15:10:17.345153
487,2019111901003753,LBL,43,34,432,216,93312.00,2019-11-19 15:10:17.345153
488,2019111901003754,LBL,7,34,40,216,8640.00,2019-11-19 15:10:17.345153
489,2019111901003755,LBL,39,34,100,216,21600.00,2019-11-19 15:10:17.345153
490,2019111901003756,LBL,13,34,200,216,43200.00,2019-11-19 15:10:17.345153
491,2019111901003757,LBL,43,34,65,216,14040.00,2019-11-19 15:10:17.345153
492,2019111901003758,NCCB,34,52,10,200,2000.00,2019-11-19 15:10:17.345153
493,2019111901003759,KRBL,57,38,500,99,49500.00,2019-11-19 15:10:17.345153
494,2019111901003760,CLBSL,50,37,11,455,5005.00,2019-11-19 15:10:17.345153
495,2019111901003761,KBL,25,4,500,179,89500.00,2019-11-19 15:10:17.345153
496,2019111901003762,HURJA,17,17,20,99,1980.00,2019-11-19 15:10:17.345153
497,2019111901003763,PPCL,35,58,10,107,1070.00,2019-11-19 15:10:17.345153
498,2019111901003764,ALBSL,16,38,10,399,3990.00,2019-11-19 15:10:17.345153
499,2019111901003765,API,28,34,18,106,1908.00,2019-11-19 15:10:17.345153
500,2019111901003766,SHL,41,59,253,212,53636.00,2019-11-19 15:10:17.345153
501,2019111901003767,NMB,29,49,17,385,6545.00,2019-11-19 15:10:17.345153
502,2019111901003768,PICL,42,49,30,402,12060.00,2019-11-19 15:10:17.345153
503,2019111901003769,PICL,6,49,30,401,12030.00,2019-11-19 15:10:17.345153
504,2019111901003770,PICL,6,49,100,401,40100.00,2019-11-19 15:10:17.345153
505,2019111901003771,CBL,26,6,18,136,2448.00,2019-11-19 15:10:17.345153
506,2019111901003772,CBL,26,49,70,136,9520.00,2019-11-19 15:10:17.345153
507,2019111901003773,CBL,59,49,27,136,3672.00,2019-11-19 15:10:17.345153
508,2019111901003774,SABSL,28,3,90,548,49320.00,2019-11-19 15:10:17.345153
509,2019111901003775,NICGF,57,39,1000,8.64,8640.00,2019-11-19 15:10:17.345153
510,2019111901003776,PRVU,32,46,75,229,17175.00,2019-11-19 15:10:17.345153
511,2019111901003777,SPDL,56,1,900,81,72900.00,2019-11-19 15:10:17.345153
512,2019111901003778,NLIC,28,45,18,792,14256.00,2019-11-19 15:10:17.345153
513,2019111901003779,ILBS,48,52,60,480,28800.00,2019-11-19 15:10:17.345153
514,2019111901003693,NLICL,29,56,465,425,197625.00,2019-11-19 15:10:17.345153
515,2019111901003694,CBL,40,49,97,136,13192.00,2019-11-19 15:10:17.345153
516,2019111901003695,HURJA,17,17,20,99,1980.00,2019-11-19 15:10:17.345153
517,2019111901003696,MNBBLP,58,49,75000,181,13575000.00,2019-11-19 15:10:17.345153
518,2019111901003697,SHIVM,41,29,10,420,4200.00,2019-11-19 15:10:17.345153
519,2019111901003698,UPPER,28,25,64,226,14464.00,2019-11-19 15:10:17.345153
520,2019111901003699,NMB,34,40,205,385,78925.00,2019-11-19 15:10:17.345153
521,2019111901003700,CCBL,40,26,500,162,81000.00,2019-11-19 15:10:17.345153
522,2019111901003701,NMB,34,35,1741,385,670285.00,2019-11-19 15:10:17.345153
523,2019111901003702,NMB,58,35,300,385,115500.00,2019-11-19 15:10:17.345153
524,2019111901003703,NMB,55,35,30,385,11550.00,2019-11-19 15:10:17.345153
525,2019111901003704,NMB,39,35,100,385,38500.00,2019-11-19 15:10:17.345153
526,2019111901003705,NMB,39,35,90,385,34650.00,2019-11-19 15:10:17.345153
527,2019111901003706,NMB,39,35,50,385,19250.00,2019-11-19 15:10:17.345153
528,2019111901003707,NMB,39,35,150,385,57750.00,2019-11-19 15:10:17.345153
529,2019111901003708,NMB,42,35,1000,385,385000.00,2019-11-19 15:10:17.345153
530,2019111901003709,NMB,39,35,100,385,38500.00,2019-11-19 15:10:17.345153
531,2019111901003710,NMB,39,35,100,385,38500.00,2019-11-19 15:10:17.345153
532,2019111901003711,NMB,39,35,50,385,19250.00,2019-11-19 15:10:17.345153
533,2019111901003712,NMB,39,35,200,385,77000.00,2019-11-19 15:10:17.345153
534,2019111901003713,NMB,33,35,400,385,154000.00,2019-11-19 15:10:17.345153
535,2019111901003714,NMB,45,35,100,385,38500.00,2019-11-19 15:10:17.345153
536,2019111901003715,NMB,28,35,50,385,19250.00,2019-11-19 15:10:17.345153
537,2019111901003716,NMB,16,35,24,385,9240.00,2019-11-19 15:10:17.345153
538,2019111901003717,NMB,28,35,200,385,77000.00,2019-11-19 15:10:17.345153
539,2019111901003718,NMB,34,35,230,385,88550.00,2019-11-19 15:10:17.345153
540,2019111901003719,NMB,36,35,85,385,32725.00,2019-11-19 15:10:17.345153
541,2019111901003720,UMHL,28,22,10,101,1010.00,2019-11-19 15:10:17.345153
542,2019111901003721,SABSL,28,42,10,548,5480.00,2019-11-19 15:10:17.345153
543,2019111901003722,MLBL,59,52,11,177,1947.00,2019-11-19 15:10:17.345153
544,2019111901003723,ALBSL,16,38,10,399,3990.00,2019-11-19 15:10:17.345153
545,2019111901003724,CBL,40,57,88,136,11968.00,2019-11-19 15:10:17.345153
546,2019111901003725,CBL,26,57,12,136,1632.00,2019-11-19 15:10:17.345153
547,2019111901003726,SABSL,28,42,10,548,5480.00,2019-11-19 15:10:17.345153
548,2019111901003727,ADBL,28,32,18,416,7488.00,2019-11-19 15:10:17.345153
549,2019111901003728,KBL,58,50,200,178,35600.00,2019-11-19 15:10:17.345153
550,2019111901003729,PIC,16,1,34,351,11934.00,2019-11-19 15:10:17.345153
551,2019111901003730,PIC,17,1,59,350,20650.00,2019-11-19 15:10:17.345153
552,2019111901003731,HURJA,17,17,20,99,1980.00,2019-11-19 15:10:17.345153
553,2019111901003732,NLBBL,53,5,50,506,25300.00,2019-11-19 15:10:17.345153
554,2019111901003733,PPCL,35,49,10,106,1060.00,2019-11-19 15:10:17.345153
555,2019111901003734,ILBS,48,32,50,480,24000.00,2019-11-19 15:10:17.345153
556,2019111901003661,SCB,29,41,20,550,11000.00,2019-11-19 15:10:17.345153
557,2019111901003662,SABSL,19,26,10,550,5500.00,2019-11-19 15:10:17.345153
558,2019111901003663,CBL,39,52,1000,137,137000.00,2019-11-19 15:10:17.345153
559,2019111901003664,KBL,1,46,83,178,14774.00,2019-11-19 15:10:17.345153
560,2019111901003665,SABSL,19,45,40,550,22000.00,2019-11-19 15:10:17.345153
561,2019111901003666,KBL,1,55,616,178,109648.00,2019-11-19 15:10:17.345153
562,2019111901003667,KBL,7,55,50,178,8900.00,2019-11-19 15:10:17.345153
563,2019111901003668,KBL,58,55,334,178,59452.00,2019-11-19 15:10:17.345153
564,2019111901003669,EDBL,52,56,30,269,8070.00,2019-11-19 15:10:17.345153
565,2019111901003670,CBL,40,49,244,136,33184.00,2019-11-19 15:10:17.345153
566,2019111901003671,RHPL,36,38,40,164,6560.00,2019-11-19 15:10:17.345153
567,2019111901003672,PRVU,22,46,925,229,211825.00,2019-11-19 15:10:17.345153
568,2019111901003673,ILBS,48,38,10,480,4800.00,2019-11-19 15:10:17.345153
569,2019111901003674,ILBS,48,46,60,480,28800.00,2019-11-19 15:10:17.345153
570,2019111901003675,ILBS,48,21,20,480,9600.00,2019-11-19 15:10:17.345153
571,2019111901003676,NLIC,8,8,100,790,79000.00,2019-11-19 15:10:17.345153
572,2019111901003677,NMB,34,35,141,385,54285.00,2019-11-19 15:10:17.345153
573,2019111901003678,AKPL,37,38,188,121,22748.00,2019-11-19 15:10:17.345153
574,2019111901003679,AKPL,51,38,200,121,24200.00,2019-11-19 15:10:17.345153
575,2019111901003680,AKPL,29,38,300,121,36300.00,2019-11-19 15:10:17.345153
576,2019111901003681,AKPL,29,38,800,121,96800.00,2019-11-19 15:10:17.345153
577,2019111901003682,BOKL,1,4,462,216,99792.00,2019-11-19 15:10:17.345153
578,2019111901003683,BOKL,7,4,50,216,10800.00,2019-11-19 15:10:17.345153
579,2019111901003684,BOKL,4,4,26,216,5616.00,2019-11-19 15:10:17.345153
580,2019111901003685,SJCL,45,38,20,157,3140.00,2019-11-19 15:10:17.345153
581,2019111901003686,JBBL,1,52,30,160,4800.00,2019-11-19 15:10:17.345153
582,2019111901003687,NIL,45,55,100,376,37600.00,2019-11-19 15:10:17.345153
583,2019111901003688,NIL,49,55,181,375,67875.00,2019-11-19 15:10:17.345153
584,2019111901003689,NIL,49,55,719,375,269625.00,2019-11-19 15:10:17.345153
585,2019111901003690,ILBS,58,22,100,481,48100.00,2019-11-19 15:10:17.345153
586,2019111901003691,ILBS,58,6,42,482,20244.00,2019-11-19 15:10:17.345153
587,2019111901003692,NLIC,8,53,35,790,27650.00,2019-11-19 15:10:17.345153
588,2019111901003632,SJCL,42,19,80,157,12560.00,2019-11-19 15:10:17.345153
589,2019111901003633,SJCL,45,19,120,157,18840.00,2019-11-19 15:10:17.345153
590,2019111901003634,GMFBS,40,43,140,492,68880.00,2019-11-19 15:10:17.345153
591,2019111901003635,NMBPO,49,58,32500,205,6662500.00,2019-11-19 15:10:17.345153
592,2019111901003636,NABIL,58,49,100,752,75200.00,2019-11-19 15:10:17.345153
593,2019111901003637,NLICL,29,34,213,424,90312.00,2019-11-19 15:10:17.345153
594,2019111901003638,NLICL,29,39,22,425,9350.00,2019-11-19 15:10:17.345153
595,2019111901003639,CBL,51,52,48,136,6528.00,2019-11-19 15:10:17.345153
596,2019111901003640,NHDL,22,56,10,103,1030.00,2019-11-19 15:10:17.345153
597,2019111901003641,HIDCL,58,19,200,132,26400.00,2019-11-19 15:10:17.345153
598,2019111901003642,MFIL,43,19,950,126,119700.00,2019-11-19 15:10:17.345153
599,2019111901003643,MFIL,43,21,122,126,15372.00,2019-11-19 15:10:17.345153
600,2019111901003644,CBL,51,16,552,136,75072.00,2019-11-19 15:10:17.345153
601,2019111901003645,CBL,39,16,200,136,27200.00,2019-11-19 15:10:17.345153
602,2019111901003646,CBL,40,16,248,136,33728.00,2019-11-19 15:10:17.345153
603,2019111901003647,HIDCL,1,19,50,131,6550.00,2019-11-19 15:10:17.345153
604,2019111901003648,NLIC,38,29,60,790,47400.00,2019-11-19 15:10:17.345153
605,2019111901003649,NLIC,8,29,340,790,268600.00,2019-11-19 15:10:17.345153
606,2019111901003650,CCBL,4,52,24,161,3864.00,2019-11-19 15:10:17.345153
607,2019111901003651,CBL,40,49,73,136,9928.00,2019-11-19 15:10:17.345153
608,2019111901003652,SABSL,19,58,10,550,5500.00,2019-11-19 15:10:17.345153
609,2019111901003653,SABSL,19,38,10,550,5500.00,2019-11-19 15:10:17.345153
610,2019111901003654,SABSL,19,26,10,550,5500.00,2019-11-19 15:10:17.345153
611,2019111901003655,SABSL,19,26,10,550,5500.00,2019-11-19 15:10:17.345153
612,2019111901003656,SABSL,19,26,10,550,5500.00,2019-11-19 15:10:17.345153
613,2019111901003657,NNLB,37,38,85,460,39100.00,2019-11-19 15:10:17.345153
614,2019111901003658,CCBL,4,16,479,161,77119.00,2019-11-19 15:10:17.345153
615,2019111901003659,CCBL,32,16,164,161,26404.00,2019-11-19 15:10:17.345153
616,2019111901003660,NMBPO,49,58,32500,205,6662500.00,2019-11-19 15:10:17.345153
617,2019111901003610,HBL,53,33,20,483,9660.00,2019-11-19 15:10:17.345153
618,2019111901003611,HBL,41,33,50,482,24100.00,2019-11-19 15:10:17.345153
619,2019111901003612,ILBS,11,26,10,478,4780.00,2019-11-19 15:10:17.345153
620,2019111901003613,ILBS,11,58,10,479,4790.00,2019-11-19 15:10:17.345153
621,2019111901003614,ILBS,11,13,10,480,4800.00,2019-11-19 15:10:17.345153
622,2019111901003615,NMBPO,49,58,35000,204,7140000.00,2019-11-19 15:10:17.345153
623,2019111901003616,PRVU,4,19,137,229,31373.00,2019-11-19 15:10:17.345153
624,2019111901003617,RHPL,54,40,20,163,3260.00,2019-11-19 15:10:17.345153
625,2019111901003618,SHL,44,44,100,213,21300.00,2019-11-19 15:10:17.345153
626,2019111901003619,SHL,44,25,500,213,106500.00,2019-11-19 15:10:17.345153
627,2019111901003620,RRHP,47,40,10,98,980.00,2019-11-19 15:10:17.345153
628,2019111901003621,NIBPO,11,28,150,384,57600.00,2019-11-19 15:10:17.345153
629,2019111901003622,SJCL,45,40,10,157,1570.00,2019-11-19 15:10:17.345153
630,2019111901003623,SAEF,45,39,300,8.65,2595.00,2019-11-19 15:10:17.345153
631,2019111901003624,NLICL,5,34,50,424,21200.00,2019-11-19 15:10:17.345153
632,2019111901003625,SRBL,6,28,100,212,21200.00,2019-11-19 15:10:17.345153
633,2019111901003626,NBB,7,28,121,205,24805.00,2019-11-19 15:10:17.345153
634,2019111901003627,FOWAD,33,57,10,1324,13240.00,2019-11-19 15:10:17.345153
635,2019111901003628,GMFBS,10,40,10,495,4950.00,2019-11-19 15:10:17.345153
636,2019111901003629,GMFBS,10,43,90,495,44550.00,2019-11-19 15:10:17.345153
637,2019111901003630,MEGA,11,32,254,184,46736.00,2019-11-19 15:10:17.345153
638,2019111901003631,MEGA,22,32,30,184,5520.00,2019-11-19 15:10:17.345153
639,2019111901003590,SPDL,29,1,100,81,8100.00,2019-11-19 15:10:17.345153
640,2019111901003591,SHL,40,58,220,212,46640.00,2019-11-19 15:10:17.345153
641,2019111901003592,SHL,6,58,100,212,21200.00,2019-11-19 15:10:17.345153
642,2019111901003593,SHL,21,58,1200,212,254400.00,2019-11-19 15:10:17.345153
643,2019111901003594,SHL,46,58,300,212,63600.00,2019-11-19 15:10:17.345153
644,2019111901003595,SHL,35,58,500,212,106000.00,2019-11-19 15:10:17.345153
645,2019111901003596,SANIMA,52,6,56,307,17192.00,2019-11-19 15:10:17.345153
646,2019111901003597,NMFBS,36,8,50,1715,85750.00,2019-11-19 15:10:17.345153
647,2019111901003598,NHPC,38,52,140,52,7280.00,2019-11-19 15:10:17.345153
648,2019111901003599,ADBL,19,32,65,416,27040.00,2019-11-19 15:10:17.345153
649,2019111901003600,SRBL,56,34,41,213,8733.00,2019-11-19 15:10:17.345153
650,2019111901003601,NLIC,5,45,50,791,39550.00,2019-11-19 15:10:17.345153
651,2019111901003602,SJCL,36,14,100,158,15800.00,2019-11-19 15:10:17.345153
652,2019111901003603,DDBL,45,7,100,735,73500.00,2019-11-19 15:10:17.345153
653,2019111901003604,HPPL,18,40,10,134,1340.00,2019-11-19 15:10:17.345153
654,2019111901003605,NLICL,50,34,100,423,42300.00,2019-11-19 15:10:17.345153
655,2019111901003606,NLICL,50,34,100,424,42400.00,2019-11-19 15:10:17.345153
656,2019111901003607,PIC,19,32,14,351,4914.00,2019-11-19 15:10:17.345153
657,2019111901003608,PIC,16,32,16,351,5616.00,2019-11-19 15:10:17.345153
658,2019111901003609,NMB,1,32,40,386,15440.00,2019-11-19 15:10:17.345153
659,2019111901003561,NMBMF,53,37,50,486,24300.00,2019-11-19 15:10:17.345153
660,2019111901003562,NMBMF,14,37,162,485,78570.00,2019-11-19 15:10:17.345153
661,2019111901003563,NICL,21,25,10,255,2550.00,2019-11-19 15:10:17.345153
662,2019111901003564,HBL,53,18,10,483,4830.00,2019-11-19 15:10:17.345153
663,2019111901003565,BPCL,43,34,12,348,4176.00,2019-11-19 15:10:17.345153
664,2019111901003566,BPCL,42,34,10,348,3480.00,2019-11-19 15:10:17.345153
665,2019111901003567,BPCL,6,34,28,348,9744.00,2019-11-19 15:10:17.345153
666,2019111901003568,MNBBL,32,38,50,317,15850.00,2019-11-19 15:10:17.345153
667,2019111901003569,MNBBL,22,38,30,317,9510.00,2019-11-19 15:10:17.345153
668,2019111901003570,MNBBL,19,38,939,317,297663.00,2019-11-19 15:10:17.345153
669,2019111901003571,MNBBL,26,38,200,316,63200.00,2019-11-19 15:10:17.345153
670,2019111901003572,MNBBL,43,38,41,316,12956.00,2019-11-19 15:10:17.345153
671,2019111901003573,MNBBL,11,38,300,316,94800.00,2019-11-19 15:10:17.345153
672,2019111901003574,MNBBL,18,38,500,316,158000.00,2019-11-19 15:10:17.345153
673,2019111901003575,NMB,34,43,550,385,211750.00,2019-11-19 15:10:17.345153
674,2019111901003576,LBL,33,8,50,217,10850.00,2019-11-19 15:10:17.345153
675,2019111901003577,FMDBL,58,53,200,303,60600.00,2019-11-19 15:10:17.345153
676,2019111901003578,BPCL,6,50,472,348,164256.00,2019-11-19 15:10:17.345153
677,2019111901003579,BPCL,21,50,22,347,7634.00,2019-11-19 15:10:17.345153
678,2019111901003580,NSEWA,38,47,10,382,3820.00,2019-11-19 15:10:17.345153
679,2019111901003581,NMB,34,32,100,386,38600.00,2019-11-19 15:10:17.345153
680,2019111901003582,MHNL,16,49,30,77,2310.00,2019-11-19 15:10:17.345153
681,2019111901003583,MERO,43,21,10,424,4240.00,2019-11-19 15:10:17.345153
682,2019111901003584,CFCL,43,45,390,112,43680.00,2019-11-19 15:10:17.345153
683,2019111901003585,CFCL,59,45,220,111,24420.00,2019-11-19 15:10:17.345153
684,2019111901003586,CFCL,59,45,500,111,55500.00,2019-11-19 15:10:17.345153
685,2019111901003587,CFCL,57,45,100,111,11100.00,2019-11-19 15:10:17.345153
686,2019111901003588,CFCL,32,45,30,111,3330.00,2019-11-19 15:10:17.345153
687,2019111901003589,RBCL,45,28,10,8248,82480.00,2019-11-19 15:10:17.345153
688,2019111901003536,NMB,34,53,2000,385,770000.00,2019-11-19 15:10:17.345153
689,2019111901003537,NMB,34,25,180,385,69300.00,2019-11-19 15:10:17.345153
690,2019111901003538,NLIC,21,55,53,792,41976.00,2019-11-19 15:10:17.345153
691,2019111901003539,MEGA,21,38,10,185,1850.00,2019-11-19 15:10:17.345153
692,2019111901003540,AKBSL,7,40,10,433,4330.00,2019-11-19 15:10:17.345153
693,2019111901003541,AKPL,37,38,100,122,12200.00,2019-11-19 15:10:17.345153
694,2019111901003542,PCBL,4,16,29,273,7917.00,2019-11-19 15:10:17.345153
695,2019111901003543,BPCL,43,40,10,348,3480.00,2019-11-19 15:10:17.345153
696,2019111901003544,NBL,57,47,50,318,15900.00,2019-11-19 15:10:17.345153
697,2019111901003545,GGBSL,58,26,10,524,5240.00,2019-11-19 15:10:17.345153
698,2019111901003546,UPPER,1,25,250,226,56500.00,2019-11-19 15:10:17.345153
699,2019111901003547,NLIC,17,55,15,792,11880.00,2019-11-19 15:10:17.345153
700,2019111901003548,SFFIL,29,45,640,170,108800.00,2019-11-19 15:10:17.345153
701,2019111901003549,SFFIL,59,45,215,170,36550.00,2019-11-19 15:10:17.345153
702,2019111901003550,JBBL,46,49,737,161,118657.00,2019-11-19 15:10:17.345153
703,2019111901003551,JBBL,42,49,20,161,3220.00,2019-11-19 15:10:17.345153
704,2019111901003552,JBBL,36,49,500,161,80500.00,2019-11-19 15:10:17.345153
705,2019111901003553,JBBL,6,49,15,161,2415.00,2019-11-19 15:10:17.345153
706,2019111901003554,JBBL,17,49,1000,161,161000.00,2019-11-19 15:10:17.345153
707,2019111901003555,JBBL,47,49,500,160,80000.00,2019-11-19 15:10:17.345153
708,2019111901003556,JBBL,26,49,400,160,64000.00,2019-11-19 15:10:17.345153
709,2019111901003557,JBBL,28,49,1650,160,264000.00,2019-11-19 15:10:17.345153
710,2019111901003558,JBBL,53,49,178,160,28480.00,2019-11-19 15:10:17.345153
711,2019111901003559,GBLBS,13,5,695,298,207110.00,2019-11-19 15:10:17.345153
712,2019111901003560,NHPC,38,21,30,52,1560.00,2019-11-19 15:10:17.345153
713,2019111901003514,NIB,32,39,71,423,30033.00,2019-11-19 15:10:17.345153
714,2019111901003515,NIB,32,39,52,423,21996.00,2019-11-19 15:10:17.345153
715,2019111901003516,SRBL,6,46,398,212,84376.00,2019-11-19 15:10:17.345153
716,2019111901003517,PICL,6,7,50,408,20400.00,2019-11-19 15:10:17.345153
717,2019111901003518,PICL,6,14,70,409,28630.00,2019-11-19 15:10:17.345153
718,2019111901003519,LLBS,11,18,60,688,41280.00,2019-11-19 15:10:17.345153
719,2019111901003520,NIB,32,40,77,423,32571.00,2019-11-19 15:10:17.345153
720,2019111901003521,NIB,32,40,59,423,24957.00,2019-11-19 15:10:17.345153
721,2019111901003522,MEGA,49,42,154,184,28336.00,2019-11-19 15:10:17.345153
722,2019111901003523,MEGA,11,42,146,184,26864.00,2019-11-19 15:10:17.345153
723,2019111901003524,HDL,45,58,10,1764,17640.00,2019-11-19 15:10:17.345153
724,2019111901003525,EBL,6,16,41,551,22591.00,2019-11-19 15:10:17.345153
725,2019111901003526,NLIC,40,21,70,791,55370.00,2019-11-19 15:10:17.345153
726,2019111901003527,NLIC,5,21,16,791,12656.00,2019-11-19 15:10:17.345153
727,2019111901003528,NMB,54,59,152,385,58520.00,2019-11-19 15:10:17.345153
728,2019111901003529,NMB,38,59,200,385,77000.00,2019-11-19 15:10:17.345153
729,2019111901003530,NMB,34,59,183,385,70455.00,2019-11-19 15:10:17.345153
730,2019111901003531,SABSL,41,21,10,550,5500.00,2019-11-19 15:10:17.345153
731,2019111901003532,KBL,1,16,276,178,49128.00,2019-11-19 15:10:17.345153
732,2019111901003533,NBL,56,47,13,318,4134.00,2019-11-19 15:10:17.345153
733,2019111901003534,LBBL,17,57,116,170,19720.00,2019-11-19 15:10:17.345153
734,2019111901003535,LBBL,35,57,30,170,5100.00,2019-11-19 15:10:17.345153
735,2019111901003495,ADBL,49,49,3000,415,1245000.00,2019-11-19 15:10:17.345153
736,2019111901003496,RHPL,54,40,20,163,3260.00,2019-11-19 15:10:17.345153
737,2019111901003497,UPPER,55,22,50,225,11250.00,2019-11-19 15:10:17.345153
738,2019111901003498,SJCL,45,40,20,157,3140.00,2019-11-19 15:10:17.345153
739,2019111901003499,GLBSL,10,33,10,396,3960.00,2019-11-19 15:10:17.345153
740,2019111901003500,GLBSL,10,36,10,398,3980.00,2019-11-19 15:10:17.345153
741,2019111901003501,GLBSL,10,21,20,400,8000.00,2019-11-19 15:10:17.345153
742,2019111901003502,GLBSL,10,46,10,402,4020.00,2019-11-19 15:10:17.345153
743,2019111901003503,SANIMA,52,16,44,307,13508.00,2019-11-19 15:10:17.345153
744,2019111901003504,SBL,22,14,1075,284,305300.00,2019-11-19 15:10:17.345153
745,2019111901003505,NMB,54,6,200,385,77000.00,2019-11-19 15:10:17.345153
746,2019111901003506,MERO,43,21,10,424,4240.00,2019-11-19 15:10:17.345153
747,2019111901003507,VLBS,32,45,13,582,7566.00,2019-11-19 15:10:17.345153
748,2019111901003508,PRVU,22,5,1000,229,229000.00,2019-11-19 15:10:17.345153
749,2019111901003509,CZBIL,8,4,500,186,93000.00,2019-11-19 15:10:17.345153
750,2019111901003510,GLBSL,10,50,30,404,12120.00,2019-11-19 15:10:17.345153
751,2019111901003511,GLBSL,10,25,20,408,8160.00,2019-11-19 15:10:17.345153
752,2019111901003512,HDL,56,48,20,1765,35300.00,2019-11-19 15:10:17.345153
753,2019111901003513,UPPER,25,25,50,226,11300.00,2019-11-19 15:10:17.345153
754,2019111901003456,MERO,53,51,50,424,21200.00,2019-11-19 15:10:17.345153
755,2019111901003457,MERO,43,51,50,424,21200.00,2019-11-19 15:10:17.345153
756,2019111901003458,RHPL,35,35,10,164,1640.00,2019-11-19 15:10:17.345153
757,2019111901003459,RHPL,35,35,10,164,1640.00,2019-11-19 15:10:17.345153
758,2019111901003460,NBL,14,47,40,318,12720.00,2019-11-19 15:10:17.345153
759,2019111901003461,BPCL,36,48,213,349,74337.00,2019-11-19 15:10:17.345153
760,2019111901003462,BPCL,16,48,28,349,9772.00,2019-11-19 15:10:17.345153
761,2019111901003463,BPCL,45,48,150,349,52350.00,2019-11-19 15:10:17.345153
762,2019111901003464,SABSL,28,16,10,548,5480.00,2019-11-19 15:10:17.345153
763,2019111901003465,HPPL,18,40,10,134,1340.00,2019-11-19 15:10:17.345153
764,2019111901003466,UPPER,56,25,100,226,22600.00,2019-11-19 15:10:17.345153
765,2019111901003467,EIC,37,18,75,213,15975.00,2019-11-19 15:10:17.345153
766,2019111901003468,EIC,54,18,65,212,13780.00,2019-11-19 15:10:17.345153
767,2019111901003469,ADBL,19,22,50,416,20800.00,2019-11-19 15:10:17.345153
768,2019111901003470,SJCL,45,16,20,157,3140.00,2019-11-19 15:10:17.345153
769,2019111901003471,ILBS,58,40,10,477,4770.00,2019-11-19 15:10:17.345153
770,2019111901003472,SJCL,21,34,50,158,7900.00,2019-11-19 15:10:17.345153
771,2019111901003473,SJCL,45,51,20,157,3140.00,2019-11-19 15:10:17.345153
772,2019111901003474,CCBL,4,22,120,161,19320.00,2019-11-19 15:10:17.345153
773,2019111901003475,SBL,22,14,851,284,241684.00,2019-11-19 15:10:17.345153
774,2019111901003476,SJCL,45,34,170,158,26860.00,2019-11-19 15:10:17.345153
775,2019111901003477,SJCL,45,21,10,158,1580.00,2019-11-19 15:10:17.345153
776,2019111901003478,SJCL,45,21,10,158,1580.00,2019-11-19 15:10:17.345153
777,2019111901003479,SJCL,45,19,20,158,3160.00,2019-11-19 15:10:17.345153
778,2019111901003480,SJCL,45,19,10,158,1580.00,2019-11-19 15:10:17.345153
779,2019111901003481,SJCL,45,14,20,158,3160.00,2019-11-19 15:10:17.345153
780,2019111901003482,SJCL,45,14,10,158,1580.00,2019-11-19 15:10:17.345153
781,2019111901003483,NLG,41,16,100,525,52500.00,2019-11-19 15:10:17.345153
782,2019111901003484,NLG,44,16,60,520,31200.00,2019-11-19 15:10:17.345153
783,2019111901003485,PMHPL,58,40,10,84,840.00,2019-11-19 15:10:17.345153
784,2019111901003486,API,25,51,80,105,8400.00,2019-11-19 15:10:17.345153
785,2019111901003487,API,25,22,10,105,1050.00,2019-11-19 15:10:17.345153
786,2019111901003488,GRDBL,57,43,500,101,50500.00,2019-11-19 15:10:17.345153
787,2019111901003489,PCBL,4,22,70,273,19110.00,2019-11-19 15:10:17.345153
788,2019111901003490,PIC,39,18,10,353,3530.00,2019-11-19 15:10:17.345153
789,2019111901003491,PIC,19,18,66,351,23166.00,2019-11-19 15:10:17.345153
790,2019111901003492,SHL,51,44,100,213,21300.00,2019-11-19 15:10:17.345153
791,2019111901003493,API,25,34,19,106,2014.00,2019-11-19 15:10:17.345153
792,2019111901003494,NBL,29,47,50,318,15900.00,2019-11-19 15:10:17.345153
793,2019111901003435,HURJA,49,16,20,99,1980.00,2019-11-19 15:10:17.345153
794,2019111901003436,HURJA,49,16,20,99,1980.00,2019-11-19 15:10:17.345153
795,2019111901003437,HURJA,49,16,20,99,1980.00,2019-11-19 15:10:17.345153
796,2019111901003438,HURJA,49,16,20,99,1980.00,2019-11-19 15:10:17.345153
797,2019111901003439,HURJA,49,16,20,99,1980.00,2019-11-19 15:10:17.345153
798,2019111901003440,AKBSL,7,29,10,432,4320.00,2019-11-19 15:10:17.345153
799,2019111901003441,RHPL,54,42,10,163,1630.00,2019-11-19 15:10:17.345153
800,2019111901003442,API,17,25,2288,104,237952.00,2019-11-19 15:10:17.345153
801,2019111901003443,API,28,25,100,104,10400.00,2019-11-19 15:10:17.345153
802,2019111901003444,API,38,25,50,104,5200.00,2019-11-19 15:10:17.345153
803,2019111901003445,API,42,25,38,104,3952.00,2019-11-19 15:10:17.345153
804,2019111901003446,FMDBL,59,19,353,302,106606.00,2019-11-19 15:10:17.345153
805,2019111901003447,ALICL,59,6,102,316,32232.00,2019-11-19 15:10:17.345153
806,2019111901003448,SABSL,28,29,10,548,5480.00,2019-11-19 15:10:17.345153
807,2019111901003449,RHPL,54,16,30,163,4890.00,2019-11-19 15:10:17.345153
808,2019111901003450,SHPC,35,19,393,184,72312.00,2019-11-19 15:10:17.345153
809,2019111901003451,SHPC,17,19,473,184,87032.00,2019-11-19 15:10:17.345153
810,2019111901003452,AKJCL,42,40,10,54,540.00,2019-11-19 15:10:17.345153
811,2019111901003453,API,43,51,1200,105,126000.00,2019-11-19 15:10:17.345153
812,2019111901003454,BPCL,36,40,11,349,3839.00,2019-11-19 15:10:17.345153
813,2019111901003455,UPPER,25,25,24,226,5424.00,2019-11-19 15:10:17.345153
814,2019111901003409,FMDBL,41,19,155,302,46810.00,2019-11-19 15:10:17.345153
815,2019111901003410,FMDBL,59,19,150,302,45300.00,2019-11-19 15:10:17.345153
816,2019111901003411,FMDBL,44,19,500,302,151000.00,2019-11-19 15:10:17.345153
817,2019111901003412,FMDBL,44,19,50,302,15100.00,2019-11-19 15:10:17.345153
818,2019111901003413,FMDBL,59,19,150,302,45300.00,2019-11-19 15:10:17.345153
819,2019111901003414,FMDBL,21,19,200,302,60400.00,2019-11-19 15:10:17.345153
820,2019111901003415,FMDBL,59,19,300,302,90600.00,2019-11-19 15:10:17.345153
821,2019111901003416,SABSL,5,16,10,549,5490.00,2019-11-19 15:10:17.345153
822,2019111901003417,NCCB,34,43,700,200,140000.00,2019-11-19 15:10:17.345153
823,2019111901003418,CBL,51,49,20,136,2720.00,2019-11-19 15:10:17.345153
824,2019111901003419,GFCL,5,59,75,133,9975.00,2019-11-19 15:10:17.345153
825,2019111901003420,SJCL,45,16,20,157,3140.00,2019-11-19 15:10:17.345153
826,2019111901003421,JFL,17,46,122,192,23424.00,2019-11-19 15:10:17.345153
827,2019111901003422,NMB,54,29,145,385,55825.00,2019-11-19 15:10:17.345153
828,2019111901003423,SFFIL,14,48,30,171,5130.00,2019-11-19 15:10:17.345153
829,2019111901003424,SFFIL,29,48,360,170,61200.00,2019-11-19 15:10:17.345153
830,2019111901003425,BOKL,57,11,262,216,56592.00,2019-11-19 15:10:17.345153
831,2019111901003426,BOKL,1,11,238,216,51408.00,2019-11-19 15:10:17.345153
832,2019111901003427,RHPL,54,29,30,163,4890.00,2019-11-19 15:10:17.345153
833,2019111901003428,NBL,39,47,300,318,95400.00,2019-11-19 15:10:17.345153
834,2019111901003429,JSLBB,51,43,14,1185,16590.00,2019-11-19 15:10:17.345153
835,2019111901003430,RHPL,35,43,30,164,4920.00,2019-11-19 15:10:17.345153
836,2019111901003431,RHPL,35,35,10,164,1640.00,2019-11-19 15:10:17.345153
837,2019111901003432,RHPL,35,35,10,164,1640.00,2019-11-19 15:10:17.345153
838,2019111901003433,RHPL,35,35,10,164,1640.00,2019-11-19 15:10:17.345153
839,2019111901003434,SJCL,45,42,10,157,1570.00,2019-11-19 15:10:17.345153
840,2019111901003388,NABIL,41,47,300,753,225900.00,2019-11-19 15:10:17.345153
841,2019111901003389,NABIL,41,47,118,753,88854.00,2019-11-19 15:10:17.345153
842,2019111901003390,NABIL,41,47,100,753,75300.00,2019-11-19 15:10:17.345153
843,2019111901003391,NABIL,41,47,100,753,75300.00,2019-11-19 15:10:17.345153
844,2019111901003392,NABIL,41,51,112,753,84336.00,2019-11-19 15:10:17.345153
845,2019111901003393,NABIL,41,47,213,753,160389.00,2019-11-19 15:10:17.345153
846,2019111901003394,NABIL,41,47,57,753,42921.00,2019-11-19 15:10:17.345153
847,2019111901003395,MERO,19,50,120,425,51000.00,2019-11-19 15:10:17.345153
848,2019111901003396,NBL,16,41,300,318,95400.00,2019-11-19 15:10:17.345153
849,2019111901003397,NBL,16,32,1000,318,318000.00,2019-11-19 15:10:17.345153
850,2019111901003398,NBL,16,32,1000,318,318000.00,2019-11-19 15:10:17.345153
851,2019111901003399,SJCL,45,16,20,157,3140.00,2019-11-19 15:10:17.345153
852,2019111901003400,EBL,6,14,96,551,52896.00,2019-11-19 15:10:17.345153
853,2019111901003401,NMB,44,32,100,386,38600.00,2019-11-19 15:10:17.345153
854,2019111901003402,PFL,53,57,39,136,5304.00,2019-11-19 15:10:17.345153
855,2019111901003403,PFL,53,47,11,136,1496.00,2019-11-19 15:10:17.345153
856,2019111901003404,SJCL,45,43,20,157,3140.00,2019-11-19 15:10:17.345153
857,2019111901003405,GRDBL,41,43,300,101,30300.00,2019-11-19 15:10:17.345153
858,2019111901003406,EBL,58,11,10,554,5540.00,2019-11-19 15:10:17.345153
859,2019111901003407,SRBL,50,7,101,212,21412.00,2019-11-19 15:10:17.345153
860,2019111901003408,RHPL,54,16,30,163,4890.00,2019-11-19 15:10:17.345153
861,2019111901003373,SCB,41,21,10,549,5490.00,2019-11-19 15:10:17.345153
862,2019111901003374,NABIL,58,42,20,752,15040.00,2019-11-19 15:10:17.345153
863,2019111901003375,PCBL,58,34,375,274,102750.00,2019-11-19 15:10:17.345153
864,2019111901003376,NMB,54,28,1000,385,385000.00,2019-11-19 15:10:17.345153
865,2019111901003377,SBI,44,56,28,389,10892.00,2019-11-19 15:10:17.345153
866,2019111901003378,SBI,6,56,972,389,378108.00,2019-11-19 15:10:17.345153
867,2019111901003379,HDL,51,58,20,1762,35240.00,2019-11-19 15:10:17.345153
868,2019111901003380,HDL,34,58,30,1761,52830.00,2019-11-19 15:10:17.345153
869,2019111901003381,HDL,19,58,30,1761,52830.00,2019-11-19 15:10:17.345153
870,2019111901003382,HDL,42,58,30,1761,52830.00,2019-11-19 15:10:17.345153
871,2019111901003383,HDL,51,58,80,1761,140880.00,2019-11-19 15:10:17.345153
872,2019111901003384,HDL,7,58,10,1761,17610.00,2019-11-19 15:10:17.345153
873,2019111901003385,UNHPL,32,55,100,56,5600.00,2019-11-19 15:10:17.345153
874,2019111901003386,NMB,54,40,200,385,77000.00,2019-11-19 15:10:17.345153
875,2019111901003387,RHPL,54,16,30,163,4890.00,2019-11-19 15:10:17.345153
876,2019111901003355,SABSL,11,55,10,549,5490.00,2019-11-19 15:10:17.345153
877,2019111901003356,RHPL,54,16,30,163,4890.00,2019-11-19 15:10:17.345153
878,2019111901003357,CZBIL,38,39,294,186,54684.00,2019-11-19 15:10:17.345153
879,2019111901003358,NBL,33,47,125,318,39750.00,2019-11-19 15:10:17.345153
880,2019111901003359,NBL,21,47,100,318,31800.00,2019-11-19 15:10:17.345153
881,2019111901003360,NBL,5,47,200,318,63600.00,2019-11-19 15:10:17.345153
882,2019111901003361,NMB,54,53,2000,385,770000.00,2019-11-19 15:10:17.345153
883,2019111901003362,SABSL,1,55,10,549,5490.00,2019-11-19 15:10:17.345153
884,2019111901003363,NCCB,34,43,1000,200,200000.00,2019-11-19 15:10:17.345153
885,2019111901003364,SABSL,1,16,10,549,5490.00,2019-11-19 15:10:17.345153
886,2019111901003365,NMB,21,32,31,386,11966.00,2019-11-19 15:10:17.345153
887,2019111901003366,SRBL,58,48,224,212,47488.00,2019-11-19 15:10:17.345153
888,2019111901003367,SRBL,34,48,200,212,42400.00,2019-11-19 15:10:17.345153
889,2019111901003368,SRBL,50,48,149,212,31588.00,2019-11-19 15:10:17.345153
890,2019111901003369,HIDCL,5,29,541,132,71412.00,2019-11-19 15:10:17.345153
891,2019111901003370,SBL,46,42,10,283,2830.00,2019-11-19 15:10:17.345153
892,2019111901003371,NMB,42,32,20,386,7720.00,2019-11-19 15:10:17.345153
893,2019111901003372,RHPL,54,16,20,163,3260.00,2019-11-19 15:10:17.345153
894,2019111901003334,SHPC,6,6,100,185,18500.00,2019-11-19 15:10:17.345153
895,2019111901003335,SJCL,45,16,20,157,3140.00,2019-11-19 15:10:17.345153
896,2019111901003336,NABIL,32,47,100,753,75300.00,2019-11-19 15:10:17.345153
897,2019111901003337,BOKL,51,46,10,217,2170.00,2019-11-19 15:10:17.345153
898,2019111901003338,NMB,54,50,800,385,308000.00,2019-11-19 15:10:17.345153
899,2019111901003339,NBL,19,19,25,318,7950.00,2019-11-19 15:10:17.345153
900,2019111901003340,NBL,33,19,375,318,119250.00,2019-11-19 15:10:17.345153
901,2019111901003341,NMB,54,32,140,385,53900.00,2019-11-19 15:10:17.345153
902,2019111901003342,SLICL,51,32,10,260,2600.00,2019-11-19 15:10:17.345153
903,2019111901003343,SADBL,8,39,13,138,1794.00,2019-11-19 15:10:17.345153
904,2019111901003344,SADBL,8,48,11,138,1518.00,2019-11-19 15:10:17.345153
905,2019111901003345,SADBL,8,33,200,138,27600.00,2019-11-19 15:10:17.345153
906,2019111901003346,SADBL,8,34,300,138,41400.00,2019-11-19 15:10:17.345153
907,2019111901003347,NMB,33,32,25,386,9650.00,2019-11-19 15:10:17.345153
908,2019111901003348,NBL,14,34,100,319,31900.00,2019-11-19 15:10:17.345153
909,2019111901003349,SABSL,11,55,10,549,5490.00,2019-11-19 15:10:17.345153
910,2019111901003350,NCCB,37,43,1000,200,200000.00,2019-11-19 15:10:17.345153
911,2019111901003351,CCBL,4,22,15,161,2415.00,2019-11-19 15:10:17.345153
912,2019111901003352,NCCB,37,43,757,200,151400.00,2019-11-19 15:10:17.345153
913,2019111901003353,NCCB,34,43,243,200,48600.00,2019-11-19 15:10:17.345153
914,2019111901003354,SCB,14,4,100,550,55000.00,2019-11-19 15:10:17.345153
915,2019111901003317,SHL,39,44,200,213,42600.00,2019-11-19 15:10:17.345153
916,2019111901003318,BPCL,43,57,11,350,3850.00,2019-11-19 15:10:17.345153
917,2019111901003319,NABIL,26,47,50,754,37700.00,2019-11-19 15:10:17.345153
918,2019111901003320,BNT,17,33,16,6250,100000.00,2019-11-19 15:10:17.345153
919,2019111901003321,GBLBS,42,42,20,297,5940.00,2019-11-19 15:10:17.345153
920,2019111901003322,GBLBS,29,42,20,296,5920.00,2019-11-19 15:10:17.345153
921,2019111901003323,GBLBS,14,42,60,296,17760.00,2019-11-19 15:10:17.345153
922,2019111901003324,PRVU,4,51,8457,229,1936653.00,2019-11-19 15:10:17.345153
923,2019111901003325,SHIVM,16,32,500,420,210000.00,2019-11-19 15:10:17.345153
924,2019111901003326,HIDCL,50,29,441,132,58212.00,2019-11-19 15:10:17.345153
925,2019111901003327,HIDCL,50,48,100,132,13200.00,2019-11-19 15:10:17.345153
926,2019111901003328,HIDCL,50,29,459,132,60588.00,2019-11-19 15:10:17.345153
927,2019111901003329,RHPL,35,16,10,164,1640.00,2019-11-19 15:10:17.345153
928,2019111901003330,NABIL,52,47,100,753,75300.00,2019-11-19 15:10:17.345153
929,2019111901003331,NABIL,32,47,400,753,301200.00,2019-11-19 15:10:17.345153
930,2019111901003332,CBL,13,52,50,137,6850.00,2019-11-19 15:10:17.345153
931,2019111901003333,EIC,32,18,10,215,2150.00,2019-11-19 15:10:17.345153
932,2019111901003298,SJCL,57,59,10,157,1570.00,2019-11-19 15:10:17.345153
933,2019111901003299,SHPC,56,6,100,185,18500.00,2019-11-19 15:10:17.345153
934,2019111901003300,NIBPO,11,14,100,383,38300.00,2019-11-19 15:10:17.345153
935,2019111901003301,GFCL,34,22,10,133,1330.00,2019-11-19 15:10:17.345153
936,2019111901003302,GFCL,44,22,130,133,17290.00,2019-11-19 15:10:17.345153
937,2019111901003303,GFCL,5,22,125,133,16625.00,2019-11-19 15:10:17.345153
938,2019111901003304,PPCL,22,32,30,104,3120.00,2019-11-19 15:10:17.345153
939,2019111901003305,NIBPO,36,14,301,383,115283.00,2019-11-19 15:10:17.345153
940,2019111901003306,NLIC,6,57,84,792,66528.00,2019-11-19 15:10:17.345153
941,2019111901003307,NLIC,6,55,116,792,91872.00,2019-11-19 15:10:17.345153
942,2019111901003308,NABIL,47,19,100,754,75400.00,2019-11-19 15:10:17.345153
943,2019111901003309,NBL,5,14,200,318,63600.00,2019-11-19 15:10:17.345153
944,2019111901003310,NABIL,47,47,250,754,188500.00,2019-11-19 15:10:17.345153
945,2019111901003311,NABIL,26,47,150,754,113100.00,2019-11-19 15:10:17.345153
946,2019111901003312,AKBSL,7,16,10,432,4320.00,2019-11-19 15:10:17.345153
947,2019111901003313,ADBL,19,5,55,416,22880.00,2019-11-19 15:10:17.345153
948,2019111901003314,ADBL,19,46,30,416,12480.00,2019-11-19 15:10:17.345153
949,2019111901003315,CZBIL,41,49,80,186,14880.00,2019-11-19 15:10:17.345153
950,2019111901003316,CZBIL,41,4,20,186,3720.00,2019-11-19 15:10:17.345153
951,2019111901003291,NMB,38,32,10,386,3860.00,2019-11-19 15:10:17.345153
952,2019111901003292,SJCL,57,59,10,157,1570.00,2019-11-19 15:10:17.345153
953,2019111901003293,NMB,17,32,170,386,65620.00,2019-11-19 15:10:17.345153
954,2019111901003294,PRVU,4,51,4900,229,1122100.00,2019-11-19 15:10:17.345153
955,2019111901003295,CZBIL,41,4,50,186,9300.00,2019-11-19 15:10:17.345153
956,2019111901003296,NIBPO,26,14,100,383,38300.00,2019-11-19 15:10:17.345153
957,2019111901003297,CHCL,45,28,100,353,35300.00,2019-11-19 15:10:17.345153
958,2019111901003282,SJCL,57,59,10,157,1570.00,2019-11-19 15:10:17.345153
959,2019111901003283,UPCL,7,49,50,74,3700.00,2019-11-19 15:10:17.345153
960,2019111901003284,UPCL,7,33,450,74,33300.00,2019-11-19 15:10:17.345153
961,2019111901003285,NMB,47,32,140,386,54040.00,2019-11-19 15:10:17.345153
962,2019111901003286,ADBL,39,58,537,415,222855.00,2019-11-19 15:10:17.345153
963,2019111901003287,PRVU,1,51,100,229,22900.00,2019-11-19 15:10:17.345153
964,2019111901003288,SINDU,34,33,100,118,11800.00,2019-11-19 15:10:17.345153
965,2019111901003289,SINDU,39,33,100,118,11800.00,2019-11-19 15:10:17.345153
966,2019111901003290,SINDU,29,33,300,118,35400.00,2019-11-19 15:10:17.345153
967,2019111901003253,NIB,26,39,20,423,8460.00,2019-11-19 15:10:17.345153
968,2019111901003254,NICA,36,43,240,410,98400.00,2019-11-19 15:10:17.345153
969,2019111901003255,NICA,36,58,10,411,4110.00,2019-11-19 15:10:17.345153
970,2019111901003256,NICA,36,48,15,412,6180.00,2019-11-19 15:10:17.345153
971,2019111901003257,SJCL,57,59,10,157,1570.00,2019-11-19 15:10:17.345153
972,2019111901003258,CBL,14,52,30,137,4110.00,2019-11-19 15:10:17.345153
973,2019111901003259,SABSL,11,40,10,549,5490.00,2019-11-19 15:10:17.345153
974,2019111901003260,SABSL,1,45,10,550,5500.00,2019-11-19 15:10:17.345153
975,2019111901003261,SABSL,1,58,10,551,5510.00,2019-11-19 15:10:17.345153
976,2019111901003262,SABSL,1,5,60,551,33060.00,2019-11-19 15:10:17.345153
977,2019111901003263,NABIL,41,47,354,754,266916.00,2019-11-19 15:10:17.345153
978,2019111901003264,NABIL,22,47,1000,754,754000.00,2019-11-19 15:10:17.345153
979,2019111901003265,RHPL,34,37,170,164,27880.00,2019-11-19 15:10:17.345153
980,2019111901003266,RHPL,34,14,50,164,8200.00,2019-11-19 15:10:17.345153
981,2019111901003267,RHPL,34,14,50,164,8200.00,2019-11-19 15:10:17.345153
982,2019111901003268,RHPL,34,4,10,164,1640.00,2019-11-19 15:10:17.345153
983,2019111901003269,RHPL,34,49,10,164,1640.00,2019-11-19 15:10:17.345153
984,2019111901003270,RHPL,34,4,10,164,1640.00,2019-11-19 15:10:17.345153
985,2019111901003271,RHPL,34,49,10,164,1640.00,2019-11-19 15:10:17.345153
986,2019111901003272,RHPL,34,14,40,164,6560.00,2019-11-19 15:10:17.345153
987,2019111901003273,RHPL,34,14,40,164,6560.00,2019-11-19 15:10:17.345153
988,2019111901003274,RHPL,34,14,40,164,6560.00,2019-11-19 15:10:17.345153
989,2019111901003275,SJCL,57,59,10,157,1570.00,2019-11-19 15:10:17.345153
990,2019111901003276,SABSL,11,40,10,549,5490.00,2019-11-19 15:10:17.345153
991,2019111901003277,SHPC,43,6,50,185,9250.00,2019-11-19 15:10:17.345153
992,2019111901003278,CHCL,45,8,56,351,19656.00,2019-11-19 15:10:17.345153
993,2019111901003279,CHCL,45,7,240,352,84480.00,2019-11-19 15:10:17.345153
994,2019111901003280,API,17,6,50,104,5200.00,2019-11-19 15:10:17.345153
995,2019111901003281,SJCL,57,59,10,157,1570.00,2019-11-19 15:10:17.345153
996,2019111901003239,CBBL,26,21,16,970,15520.00,2019-11-19 15:10:17.345153
997,2019111901003240,UPPER,55,57,40,225,9000.00,2019-11-19 15:10:17.345153
998,2019111901003241,AKBSL,26,26,10,432,4320.00,2019-11-19 15:10:17.345153
999,2019111901003242,NICA,14,48,100,410,41000.00,2019-11-19 15:10:17.345153
1000,2019111901003243,NICA,14,43,100,410,41000.00,2019-11-19 15:10:17.345153
1001,2019111901003244,SJCL,57,59,10,157,1570.00,2019-11-19 15:10:17.345153
1002,2019111901003245,SABSL,11,40,10,549,5490.00,2019-11-19 15:10:17.345153
1003,2019111901003246,PCBL,14,34,300,274,82200.00,2019-11-19 15:10:17.345153
1004,2019111901003247,SJCL,57,59,10,157,1570.00,2019-11-19 15:10:17.345153
1005,2019111901003248,ALBSL,16,58,10,399,3990.00,2019-11-19 15:10:17.345153
1006,2019111901003249,GBBL,26,58,43,225,9675.00,2019-11-19 15:10:17.345153
1007,2019111901003250,GBBL,49,58,957,225,215325.00,2019-11-19 15:10:17.345153
1008,2019111901003251,ILBS,26,26,10,477,4770.00,2019-11-19 15:10:17.345153
1009,2019111901003252,SJCL,57,59,10,157,1570.00,2019-11-19 15:10:17.345153
1010,2019111901003217,GBLBS,21,37,25,298,7450.00,2019-11-19 15:10:17.345153
1011,2019111901003218,GBLBS,44,37,100,298,29800.00,2019-11-19 15:10:17.345153
1012,2019111901003219,GBLBS,59,37,25,297,7425.00,2019-11-19 15:10:17.345153
1013,2019111901003220,GBLBS,33,37,100,297,29700.00,2019-11-19 15:10:17.345153
1014,2019111901003221,GBLBS,56,37,25,297,7425.00,2019-11-19 15:10:17.345153
1015,2019111901003222,GBLBS,32,37,300,297,89100.00,2019-11-19 15:10:17.345153
1016,2019111901003223,SJCL,40,59,10,157,1570.00,2019-11-19 15:10:17.345153
1017,2019111901003224,SABSL,11,40,10,549,5490.00,2019-11-19 15:10:17.345153
1018,2019111901003225,AKBSL,43,51,140,431,60340.00,2019-11-19 15:10:17.345153
1019,2019111901003226,SJCL,40,59,10,157,1570.00,2019-11-19 15:10:17.345153
1020,2019111901003227,UPPER,55,36,50,225,11250.00,2019-11-19 15:10:17.345153
1021,2019111901003228,SJCL,40,59,10,157,1570.00,2019-11-19 15:10:17.345153
1022,2019111901003229,SABSL,11,40,10,549,5490.00,2019-11-19 15:10:17.345153
1023,2019111901003230,UPPER,55,57,50,225,11250.00,2019-11-19 15:10:17.345153
1024,2019111901003231,NIBPO,25,14,100,383,38300.00,2019-11-19 15:10:17.345153
1025,2019111901003232,NMB,14,32,200,386,77200.00,2019-11-19 15:10:17.345153
1026,2019111901003233,SJCL,57,59,10,157,1570.00,2019-11-19 15:10:17.345153
1027,2019111901003234,NMB,34,4,387,385,148995.00,2019-11-19 15:10:17.345153
1028,2019111901003235,NMB,36,4,100,385,38500.00,2019-11-19 15:10:17.345153
1029,2019111901003236,NMB,6,4,100,385,38500.00,2019-11-19 15:10:17.345153
1030,2019111901003237,NMB,22,4,50,385,19250.00,2019-11-19 15:10:17.345153
1031,2019111901003238,NMB,54,4,363,385,139755.00,2019-11-19 15:10:17.345153
1032,2019111901003191,AKBSL,43,36,10,431,4310.00,2019-11-19 15:10:17.345153
1033,2019111901003192,SABSL,48,42,10,550,5500.00,2019-11-19 15:10:17.345153
1034,2019111901003193,RHPL,14,37,200,164,32800.00,2019-11-19 15:10:17.345153
1035,2019111901003194,API,17,8,10,104,1040.00,2019-11-19 15:10:17.345153
1036,2019111901003195,SJCL,40,59,10,157,1570.00,2019-11-19 15:10:17.345153
1037,2019111901003196,CZBIL,41,48,54,185,9990.00,2019-11-19 15:10:17.345153
1038,2019111901003197,CZBIL,52,48,46,185,8510.00,2019-11-19 15:10:17.345153
1039,2019111901003198,UPPER,43,29,20,226,4520.00,2019-11-19 15:10:17.345153
1040,2019111901003199,UPPER,43,29,50,226,11300.00,2019-11-19 15:10:17.345153
1041,2019111901003200,UPPER,43,25,30,226,6780.00,2019-11-19 15:10:17.345153
1042,2019111901003201,SABSL,41,40,10,549,5490.00,2019-11-19 15:10:17.345153
1043,2019111901003202,SJCL,40,59,10,157,1570.00,2019-11-19 15:10:17.345153
1044,2019111901003203,BOKL,59,21,20,216,4320.00,2019-11-19 15:10:17.345153
1045,2019111901003204,BOKL,57,21,138,216,29808.00,2019-11-19 15:10:17.345153
1046,2019111901003205,NMB,34,36,25,385,9625.00,2019-11-19 15:10:17.345153
1047,2019111901003206,SABSL,41,42,10,549,5490.00,2019-11-19 15:10:17.345153
1048,2019111901003207,NBL,25,57,20,318,6360.00,2019-11-19 15:10:17.345153
1049,2019111901003208,SKBBL,50,4,31,938,29078.00,2019-11-19 15:10:17.345153
1050,2019111901003209,SJCL,40,59,10,157,1570.00,2019-11-19 15:10:17.345153
1051,2019111901003210,NLIC,5,6,25,791,19775.00,2019-11-19 15:10:17.345153
1052,2019111901003211,NBL,16,57,280,318,89040.00,2019-11-19 15:10:17.345153
1053,2019111901003212,SABSL,11,40,10,549,5490.00,2019-11-19 15:10:17.345153
1054,2019111901003213,NIBPO,52,14,100,384,38400.00,2019-11-19 15:10:17.345153
1055,2019111901003214,NIBPO,8,14,180,383,68940.00,2019-11-19 15:10:17.345153
1056,2019111901003215,NIBPO,20,14,119,383,45577.00,2019-11-19 15:10:17.345153
1057,2019111901003216,SJCL,40,59,10,157,1570.00,2019-11-19 15:10:17.345153
1058,2019111901003170,CCBL,8,57,338,161,54418.00,2019-11-19 15:10:17.345153
1059,2019111901003171,CCBL,48,57,100,161,16100.00,2019-11-19 15:10:17.345153
1060,2019111901003172,CCBL,4,57,362,161,58282.00,2019-11-19 15:10:17.345153
1061,2019111901003173,NBL,16,14,100,318,31800.00,2019-11-19 15:10:17.345153
1062,2019111901003174,NICA,34,38,138,410,56580.00,2019-11-19 15:10:17.345153
1063,2019111901003175,NICA,29,38,30,410,12300.00,2019-11-19 15:10:17.345153
1064,2019111901003176,NHDL,56,17,10,101,1010.00,2019-11-19 15:10:17.345153
1065,2019111901003177,NMB,45,32,200,386,77200.00,2019-11-19 15:10:17.345153
1066,2019111901003178,SABSL,48,42,10,550,5500.00,2019-11-19 15:10:17.345153
1067,2019111901003179,MEGA,49,3,71,184,13064.00,2019-11-19 15:10:17.345153
1068,2019111901003180,SMB,38,39,10,430,4300.00,2019-11-19 15:10:17.345153
1069,2019111901003181,CBL,51,8,16,136,2176.00,2019-11-19 15:10:17.345153
1070,2019111901003182,MNBBL,29,38,50,318,15900.00,2019-11-19 15:10:17.345153
1071,2019111901003183,SJCL,40,14,20,157,3140.00,2019-11-19 15:10:17.345153
1072,2019111901003184,NBB,41,25,110,205,22550.00,2019-11-19 15:10:17.345153
1073,2019111901003185,NBB,41,39,61,205,12505.00,2019-11-19 15:10:17.345153
1074,2019111901003186,NBB,41,28,329,205,67445.00,2019-11-19 15:10:17.345153
1075,2019111901003187,SABSL,48,42,10,550,5500.00,2019-11-19 15:10:17.345153
1076,2019111901003188,SCB,16,4,50,550,27500.00,2019-11-19 15:10:17.345153
1077,2019111901003189,SJCL,40,59,10,157,1570.00,2019-11-19 15:10:17.345153
1078,2019111901003190,AKJCL,7,40,10,54,540.00,2019-11-19 15:10:17.345153
1079,2019111901003148,ADBL,39,55,1053,415,436995.00,2019-11-19 15:10:17.345153
1080,2019111901003149,SHIVM,37,22,80,420,33600.00,2019-11-19 15:10:17.345153
1081,2019111901003150,SHIVM,37,49,50,420,21000.00,2019-11-19 15:10:17.345153
1082,2019111901003151,SHIVM,37,49,100,420,42000.00,2019-11-19 15:10:17.345153
1083,2019111901003152,SHIVM,37,46,100,421,42100.00,2019-11-19 15:10:17.345153
1084,2019111901003153,SHIVM,37,53,100,421,42100.00,2019-11-19 15:10:17.345153
1085,2019111901003154,SHIVM,37,48,150,422,63300.00,2019-11-19 15:10:17.345153
1086,2019111901003155,SHIVM,37,28,50,424,21200.00,2019-11-19 15:10:17.345153
1087,2019111901003156,SHIVM,37,4,250,425,106250.00,2019-11-19 15:10:17.345153
1088,2019111901003157,SABSL,22,51,278,550,152900.00,2019-11-19 15:10:17.345153
1089,2019111901003158,SABSL,7,51,70,550,38500.00,2019-11-19 15:10:17.345153
1090,2019111901003159,SABSL,19,51,100,550,55000.00,2019-11-19 15:10:17.345153
1091,2019111901003160,SABSL,48,51,52,550,28600.00,2019-11-19 15:10:17.345153
1092,2019111901003161,GRDBL,41,39,50,101,5050.00,2019-11-19 15:10:17.345153
1093,2019111901003162,ALICL,28,45,287,316,90692.00,2019-11-19 15:10:17.345153
1094,2019111901003163,SABSL,48,42,10,550,5500.00,2019-11-19 15:10:17.345153
1095,2019111901003164,PMHPL,58,49,10,84,840.00,2019-11-19 15:10:17.345153
1096,2019111901003165,PMHPL,58,49,10,84,840.00,2019-11-19 15:10:17.345153
1097,2019111901003166,SBI,44,39,22,389,8558.00,2019-11-19 15:10:17.345153
1098,2019111901003167,HDL,41,48,44,1762,77528.00,2019-11-19 15:10:17.345153
1099,2019111901003168,SJCL,40,14,20,157,3140.00,2019-11-19 15:10:17.345153
1100,2019111901003169,ALBSL,16,36,150,399,59850.00,2019-11-19 15:10:17.345153
1101,2019111901003133,HDL,28,5,100,1763,176300.00,2019-11-19 15:10:17.345153
1102,2019111901003134,HDL,33,5,100,1762,176200.00,2019-11-19 15:10:17.345153
1103,2019111901003135,ADBL,39,33,1000,415,415000.00,2019-11-19 15:10:17.345153
1104,2019111901003136,SABSL,22,40,10,550,5500.00,2019-11-19 15:10:17.345153
1105,2019111901003137,NLIC,49,34,89,792,70488.00,2019-11-19 15:10:17.345153
1106,2019111901003138,NLIC,49,57,61,792,48312.00,2019-11-19 15:10:17.345153
1107,2019111901003139,NBL,16,4,554,318,176172.00,2019-11-19 15:10:17.345153
1108,2019111901003140,NBL,16,57,879,318,279522.00,2019-11-19 15:10:17.345153
1109,2019111901003141,UMHL,59,22,10,100,1000.00,2019-11-19 15:10:17.345153
1110,2019111901003142,SABSL,22,42,10,550,5500.00,2019-11-19 15:10:17.345153
1111,2019111901003143,AKBSL,43,36,10,431,4310.00,2019-11-19 15:10:17.345153
1112,2019111901003144,SABSL,22,40,10,550,5500.00,2019-11-19 15:10:17.345153
1113,2019111901003145,GLBSL,34,14,10,395,3950.00,2019-11-19 15:10:17.345153
1114,2019111901003146,SABSL,22,42,10,550,5500.00,2019-11-19 15:10:17.345153
1115,2019111901003147,JBBL,46,39,13,161,2093.00,2019-11-19 15:10:17.345153
1116,2019111901003107,SABSL,57,22,20,551,11020.00,2019-11-19 15:10:17.345153
1117,2019111901003108,SABSL,32,22,18,550,9900.00,2019-11-19 15:10:17.345153
1118,2019111901003109,SABSL,21,22,132,550,72600.00,2019-11-19 15:10:17.345153
1119,2019111901003110,JSLBB,51,18,10,1162,11620.00,2019-11-19 15:10:17.345153
1120,2019111901003111,JSLBB,51,38,10,1170,11700.00,2019-11-19 15:10:17.345153
1121,2019111901003112,GRDBL,41,39,50,101,5050.00,2019-11-19 15:10:17.345153
1122,2019111901003113,SJCL,40,59,10,157,1570.00,2019-11-19 15:10:17.345153
1123,2019111901003114,SMFBS,57,43,10,793,7930.00,2019-11-19 15:10:17.345153
1124,2019111901003115,SJCL,40,59,10,157,1570.00,2019-11-19 15:10:17.345153
1125,2019111901003116,SHIVM,17,6,50,418,20900.00,2019-11-19 15:10:17.345153
1126,2019111901003117,SHIVM,32,6,150,418,62700.00,2019-11-19 15:10:17.345153
1127,2019111901003118,NBL,5,4,79,318,25122.00,2019-11-19 15:10:17.345153
1128,2019111901003119,NBL,5,57,121,318,38478.00,2019-11-19 15:10:17.345153
1129,2019111901003120,CHCL,56,21,100,350,35000.00,2019-11-19 15:10:17.345153
1130,2019111901003121,CHCL,1,21,200,350,70000.00,2019-11-19 15:10:17.345153
1131,2019111901003122,MEGA,28,3,80,184,14720.00,2019-11-19 15:10:17.345153
1132,2019111901003123,SABSL,21,1,68,550,37400.00,2019-11-19 15:10:17.345153
1133,2019111901003124,SABSL,22,1,42,550,23100.00,2019-11-19 15:10:17.345153
1134,2019111901003125,SJCL,40,59,10,157,1570.00,2019-11-19 15:10:17.345153
1135,2019111901003126,ADBL,49,50,4473,415,1856295.00,2019-11-19 15:10:17.345153
1136,2019111901003127,NLIC,56,39,22,791,17402.00,2019-11-19 15:10:17.345153
1137,2019111901003128,MNBBL,19,58,1166,316,368456.00,2019-11-19 15:10:17.345153
1138,2019111901003129,FMDBL,6,19,500,303,151500.00,2019-11-19 15:10:17.345153
1139,2019111901003130,SAPDBL,44,57,305,120,36600.00,2019-11-19 15:10:17.345153
1140,2019111901003131,SAPDBL,44,29,340,120,40800.00,2019-11-19 15:10:17.345153
1141,2019111901003132,BOKL,25,17,27,217,5859.00,2019-11-19 15:10:17.345153
1142,2019111901003083,SMFBS,57,43,10,790,7900.00,2019-11-19 15:10:17.345153
1143,2019111901003084,SJCL,40,59,10,157,1570.00,2019-11-19 15:10:17.345153
1144,2019111901003085,MLBL,32,36,148,178,26344.00,2019-11-19 15:10:17.345153
1145,2019111901003086,MLBL,28,36,200,178,35600.00,2019-11-19 15:10:17.345153
1146,2019111901003087,MLBL,47,36,73,178,12994.00,2019-11-19 15:10:17.345153
1147,2019111901003088,SINDU,39,21,50,120,6000.00,2019-11-19 15:10:17.345153
1148,2019111901003089,SMFBS,57,43,10,790,7900.00,2019-11-19 15:10:17.345153
1149,2019111901003090,NIB,40,39,44,422,18568.00,2019-11-19 15:10:17.345153
1150,2019111901003091,SJCL,40,59,10,157,1570.00,2019-11-19 15:10:17.345153
1151,2019111901003092,NBL,57,4,50,318,15900.00,2019-11-19 15:10:17.345153
1152,2019111901003093,PRVU,4,39,1100,229,251900.00,2019-11-19 15:10:17.345153
1153,2019111901003094,ADBL,39,51,1010,415,419150.00,2019-11-19 15:10:17.345153
1154,2019111901003095,GBBL,32,58,40,226,9040.00,2019-11-19 15:10:17.345153
1155,2019111901003096,NLIC,56,39,22,791,17402.00,2019-11-19 15:10:17.345153
1156,2019111901003097,UPPER,41,38,200,225,45000.00,2019-11-19 15:10:17.345153
1157,2019111901003098,UPPER,14,38,204,225,45900.00,2019-11-19 15:10:17.345153
1158,2019111901003099,UPPER,43,38,50,225,11250.00,2019-11-19 15:10:17.345153
1159,2019111901003100,UPPER,35,38,50,225,11250.00,2019-11-19 15:10:17.345153
1160,2019111901003101,UPPER,13,38,500,225,112500.00,2019-11-19 15:10:17.345153
1161,2019111901003102,UPPER,57,38,200,225,45000.00,2019-11-19 15:10:17.345153
1162,2019111901003103,UPPER,16,38,100,225,22500.00,2019-11-19 15:10:17.345153
1163,2019111901003104,UPPER,25,38,100,225,22500.00,2019-11-19 15:10:17.345153
1164,2019111901003105,UPPER,55,38,96,225,21600.00,2019-11-19 15:10:17.345153
1165,2019111901003106,SJCL,40,59,10,157,1570.00,2019-11-19 15:10:17.345153
1166,2019111901003070,SCB,22,4,20,550,11000.00,2019-11-19 15:10:17.345153
1167,2019111901003071,SINDU,39,21,10,121,1210.00,2019-11-19 15:10:17.345153
1168,2019111901003072,JSLBB,55,57,35,1161,40635.00,2019-11-19 15:10:17.345153
1169,2019111901003073,SMFBS,43,43,10,791,7910.00,2019-11-19 15:10:17.345153
1170,2019111901003074,SLBSL,38,40,10,710,7100.00,2019-11-19 15:10:17.345153
1171,2019111901003075,NMB,59,32,1000,386,386000.00,2019-11-19 15:10:17.345153
1172,2019111901003076,SMFBS,43,43,10,791,7910.00,2019-11-19 15:10:17.345153
1173,2019111901003077,SLBSL,38,40,10,710,7100.00,2019-11-19 15:10:17.345153
1174,2019111901003078,HURJA,16,39,20,99,1980.00,2019-11-19 15:10:17.345153
1175,2019111901003079,HURJA,16,45,20,99,1980.00,2019-11-19 15:10:17.345153
1176,2019111901003080,HURJA,16,42,20,99,1980.00,2019-11-19 15:10:17.345153
1177,2019111901003081,NMB,45,32,500,386,193000.00,2019-11-19 15:10:17.345153
1178,2019111901003082,NBL,11,4,20,318,6360.00,2019-11-19 15:10:17.345153
1179,2019111901003048,NMB,34,4,290,386,111940.00,2019-11-19 15:10:17.345153
1180,2019111901003049,NMB,34,32,235,386,90710.00,2019-11-19 15:10:17.345153
1181,2019111901003050,RHPL,54,41,40,163,6520.00,2019-11-19 15:10:17.345153
1182,2019111901003051,NBL,51,4,250,318,79500.00,2019-11-19 15:10:17.345153
1183,2019111901003052,MLBBL,32,33,85,445,37825.00,2019-11-19 15:10:17.345153
1184,2019111901003053,SCB,41,4,794,550,436700.00,2019-11-19 15:10:17.345153
1185,2019111901003054,SCB,41,4,706,550,388300.00,2019-11-19 15:10:17.345153
1186,2019111901003055,SJCL,40,41,20,157,3140.00,2019-11-19 15:10:17.345153
1187,2019111901003056,FMDBL,59,19,100,303,30300.00,2019-11-19 15:10:17.345153
1188,2019111901003057,SCB,22,4,20,550,11000.00,2019-11-19 15:10:17.345153
1189,2019111901003058,NICA,34,55,48,411,19728.00,2019-11-19 15:10:17.345153
1190,2019111901003059,NICA,56,55,100,411,41100.00,2019-11-19 15:10:17.345153
1191,2019111901003060,NICA,52,55,50,410,20500.00,2019-11-19 15:10:17.345153
1192,2019111901003061,NICA,50,55,200,410,82000.00,2019-11-19 15:10:17.345153
1193,2019111901003062,NICA,45,55,100,410,41000.00,2019-11-19 15:10:17.345153
1194,2019111901003063,NICA,20,55,40,410,16400.00,2019-11-19 15:10:17.345153
1195,2019111901003064,NICA,3,55,100,410,41000.00,2019-11-19 15:10:17.345153
1196,2019111901003065,NICA,13,55,100,410,41000.00,2019-11-19 15:10:17.345153
1197,2019111901003066,NICA,57,55,200,410,82000.00,2019-11-19 15:10:17.345153
1198,2019111901003067,NICA,34,55,1862,410,763420.00,2019-11-19 15:10:17.345153
1199,2019111901003068,ALICL,28,8,394,316,124504.00,2019-11-19 15:10:17.345153
1200,2019111901003069,JBBL,53,52,50,162,8100.00,2019-11-19 15:10:17.345153
1201,2019111901003038,UPCL,13,36,300,73,21900.00,2019-11-19 15:10:17.345153
1202,2019111901003039,MLBL,32,8,11,178,1958.00,2019-11-19 15:10:17.345153
1203,2019111901003040,CLBSL,7,8,11,455,5005.00,2019-11-19 15:10:17.345153
1204,2019111901003041,NMB,22,4,100,386,38600.00,2019-11-19 15:10:17.345153
1205,2019111901003042,SMFBS,43,38,10,791,7910.00,2019-11-19 15:10:17.345153
1206,2019111901003043,NCCB,41,32,104,200,20800.00,2019-11-19 15:10:17.345153
1207,2019111901003044,NCCB,37,32,243,200,48600.00,2019-11-19 15:10:17.345153
1208,2019111901003045,SMFBS,43,38,10,791,7910.00,2019-11-19 15:10:17.345153
1209,2019111901003046,NTC,25,19,100,625,62500.00,2019-11-19 15:10:17.345153
1210,2019111901003047,NABIL,32,55,85,755,64175.00,2019-11-19 15:10:17.345153
1211,2019111901003021,HIDCL,39,25,59,132,7788.00,2019-11-19 15:10:17.345153
1212,2019111901003022,HIDCL,38,25,441,132,58212.00,2019-11-19 15:10:17.345153
1213,2019111901003023,SMFBS,26,38,10,792,7920.00,2019-11-19 15:10:17.345153
1214,2019111901003024,UPPER,43,22,50,225,11250.00,2019-11-19 15:10:17.345153
1215,2019111901003025,CCBL,16,16,30,162,4860.00,2019-11-19 15:10:17.345153
1216,2019111901003026,RHPL,54,51,40,163,6520.00,2019-11-19 15:10:17.345153
1217,2019111901003027,PMHPL,25,46,10,83,830.00,2019-11-19 15:10:17.345153
1218,2019111901003028,CHCL,48,49,66,350,23100.00,2019-11-19 15:10:17.345153
1219,2019111901003029,HDL,38,48,10,1766,17660.00,2019-11-19 15:10:17.345153
1220,2019111901003030,HDL,48,48,20,1766,35320.00,2019-11-19 15:10:17.345153
1221,2019111901003031,NMB,57,4,100,386,38600.00,2019-11-19 15:10:17.345153
1222,2019111901003032,HIDCL,38,29,559,132,73788.00,2019-11-19 15:10:17.345153
1223,2019111901003033,NBL,35,4,100,318,31800.00,2019-11-19 15:10:17.345153
1224,2019111901003034,LBBL,59,10,56,169,9464.00,2019-11-19 15:10:17.345153
1225,2019111901003035,API,56,51,100,105,10500.00,2019-11-19 15:10:17.345153
1226,2019111901003036,SABSL,32,51,10,550,5500.00,2019-11-19 15:10:17.345153
1227,2019111901003037,SJCL,40,32,10,157,1570.00,2019-11-19 15:10:17.345153
1228,2019111901003006,ILBS,16,38,10,476,4760.00,2019-11-19 15:10:17.345153
1229,2019111901003007,AKBSL,26,13,10,434,4340.00,2019-11-19 15:10:17.345153
1230,2019111901003008,SABSL,34,26,10,552,5520.00,2019-11-19 15:10:17.345153
1231,2019111901003009,SABSL,34,3,10,552,5520.00,2019-11-19 15:10:17.345153
1232,2019111901003010,UPPER,43,32,28,225,6300.00,2019-11-19 15:10:17.345153
1233,2019111901003011,SABSL,32,4,10,550,5500.00,2019-11-19 15:10:17.345153
1234,2019111901003012,JFL,43,17,692,191,132172.00,2019-11-19 15:10:17.345153
1235,2019111901003013,ILBS,16,38,10,476,4760.00,2019-11-19 15:10:17.345153
1236,2019111901003014,SHINE,39,46,58,251,14558.00,2019-11-19 15:10:17.345153
1237,2019111901003015,ILBS,16,38,10,476,4760.00,2019-11-19 15:10:17.345153
1238,2019111901003016,LBBL,22,8,245,170,41650.00,2019-11-19 15:10:17.345153
1239,2019111901003017,SHPC,45,6,15,185,2775.00,2019-11-19 15:10:17.345153
1240,2019111901003018,AKBSL,43,38,10,431,4310.00,2019-11-19 15:10:17.345153
1241,2019111901003019,RHPL,54,22,50,163,8150.00,2019-11-19 15:10:17.345153
1242,2019111901003020,AKBSL,43,20,10,431,4310.00,2019-11-19 15:10:17.345153
1243,2019111901002985,SHL,21,44,100,213,21300.00,2019-11-19 15:10:17.345153
1244,2019111901002986,SABSL,32,38,10,550,5500.00,2019-11-19 15:10:17.345153
1245,2019111901002987,UPPER,43,22,50,225,11250.00,2019-11-19 15:10:17.345153
1246,2019111901002988,ILBS,16,26,10,476,4760.00,2019-11-19 15:10:17.345153
1247,2019111901002989,CCBL,8,8,203,161,32683.00,2019-11-19 15:10:17.345153
1248,2019111901002990,ILBS,16,38,10,476,4760.00,2019-11-19 15:10:17.345153
1249,2019111901002991,AKBSL,53,26,10,430,4300.00,2019-11-19 15:10:17.345153
1250,2019111901002992,GMFBS,16,38,10,495,4950.00,2019-11-19 15:10:17.345153
1251,2019111901002993,GMFBS,16,38,10,495,4950.00,2019-11-19 15:10:17.345153
1252,2019111901002994,GMFBS,16,38,10,495,4950.00,2019-11-19 15:10:17.345153
1253,2019111901002995,GMFBS,16,38,10,495,4950.00,2019-11-19 15:10:17.345153
1254,2019111901002996,GMFBS,16,38,10,495,4950.00,2019-11-19 15:10:17.345153
1255,2019111901002997,GGBSL,58,40,10,524,5240.00,2019-11-19 15:10:17.345153
1256,2019111901002998,RHPL,26,37,40,164,6560.00,2019-11-19 15:10:17.345153
1257,2019111901002999,MEGA,14,8,105,183,19215.00,2019-11-19 15:10:17.345153
1258,2019111901003000,SJCL,26,34,20,158,3160.00,2019-11-19 15:10:17.345153
1259,2019111901003001,PRVU,4,25,50,228,11400.00,2019-11-19 15:10:17.345153
1260,2019111901003002,MPFL,41,33,150,100,15000.00,2019-11-19 15:10:17.345153
1261,2019111901003003,MFIL,32,17,2000,125,250000.00,2019-11-19 15:10:17.345153
1262,2019111901003004,MFIL,42,17,438,125,54750.00,2019-11-19 15:10:17.345153
1263,2019111901003005,ILBS,26,57,10,480,4800.00,2019-11-19 15:10:17.345153
1264,2019111901002968,SLBSL,1,40,10,708,7080.00,2019-11-19 15:10:17.345153
1265,2019111901002969,SCB,57,4,96,550,52800.00,2019-11-19 15:10:17.345153
1266,2019111901002970,LBBL,10,8,155,170,26350.00,2019-11-19 15:10:17.345153
1267,2019111901002971,LBBL,56,8,100,170,17000.00,2019-11-19 15:10:17.345153
1268,2019111901002972,MHNL,16,49,30,77,2310.00,2019-11-19 15:10:17.345153
1269,2019111901002973,SRBL,58,25,28,212,5936.00,2019-11-19 15:10:17.345153
1270,2019111901002974,RHPL,54,26,40,163,6520.00,2019-11-19 15:10:17.345153
1271,2019111901002975,PRVU,4,22,216,229,49464.00,2019-11-19 15:10:17.345153
1272,2019111901002976,BPCL,36,50,11,349,3839.00,2019-11-19 15:10:17.345153
1273,2019111901002977,SJCL,40,26,20,157,3140.00,2019-11-19 15:10:17.345153
1274,2019111901002978,RHPC,13,56,18,73,1314.00,2019-11-19 15:10:17.345153
1275,2019111901002979,KBL,1,46,25,178,4450.00,2019-11-19 15:10:17.345153
1276,2019111901002980,ALICL,28,33,10,316,3160.00,2019-11-19 15:10:17.345153
1277,2019111901002981,SABSL,32,38,10,550,5500.00,2019-11-19 15:10:17.345153
1278,2019111901002982,SMFBS,16,26,10,792,7920.00,2019-11-19 15:10:17.345153
1279,2019111901002983,GMFBS,54,43,10,495,4950.00,2019-11-19 15:10:17.345153
1280,2019111901002984,SJCL,40,49,10,157,1570.00,2019-11-19 15:10:17.345153
1281,2019111901002941,CCBL,16,16,17,162,2754.00,2019-11-19 15:10:17.345153
1282,2019111901002942,UPCL,55,42,50,73,3650.00,2019-11-19 15:10:17.345153
1283,2019111901002943,NBL,34,4,136,318,43248.00,2019-11-19 15:10:17.345153
1284,2019111901002944,NBL,7,4,60,318,19080.00,2019-11-19 15:10:17.345153
1285,2019111901002945,NBL,49,4,155,318,49290.00,2019-11-19 15:10:17.345153
1286,2019111901002946,NBL,55,4,200,318,63600.00,2019-11-19 15:10:17.345153
1287,2019111901002947,NBL,49,4,200,318,63600.00,2019-11-19 15:10:17.345153
1288,2019111901002948,NBL,21,4,749,318,238182.00,2019-11-19 15:10:17.345153
1289,2019111901002949,UPPER,59,42,28,225,6300.00,2019-11-19 15:10:17.345153
1290,2019111901002950,UPPER,43,42,22,225,4950.00,2019-11-19 15:10:17.345153
1291,2019111901002951,TRH,33,36,10,271,2710.00,2019-11-19 15:10:17.345153
1292,2019111901002952,KRBL,13,38,400,99,39600.00,2019-11-19 15:10:17.345153
1293,2019111901002953,SJCL,40,16,20,157,3140.00,2019-11-19 15:10:17.345153
1294,2019111901002954,NHPC,33,5,100,51,5100.00,2019-11-19 15:10:17.345153
1295,2019111901002955,NBL,21,4,251,318,79818.00,2019-11-19 15:10:17.345153
1296,2019111901002956,NBL,28,4,300,318,95400.00,2019-11-19 15:10:17.345153
1297,2019111901002957,NBL,3,4,20,318,6360.00,2019-11-19 15:10:17.345153
1298,2019111901002958,NBL,48,4,400,318,127200.00,2019-11-19 15:10:17.345153
1299,2019111901002959,NBL,52,4,30,318,9540.00,2019-11-19 15:10:17.345153
1300,2019111901002960,SHIVM,17,40,50,418,20900.00,2019-11-19 15:10:17.345153
1301,2019111901002961,RHPL,54,16,30,163,4890.00,2019-11-19 15:10:17.345153
1302,2019111901002962,SBL,22,35,50,285,14250.00,2019-11-19 15:10:17.345153
1303,2019111901002963,NLIC,56,37,20,791,15820.00,2019-11-19 15:10:17.345153
1304,2019111901002964,CZBIL,16,4,18,186,3348.00,2019-11-19 15:10:17.345153
1305,2019111901002965,SPARS,39,21,10,518,5180.00,2019-11-19 15:10:17.345153
1306,2019111901002966,VLBS,32,42,13,582,7566.00,2019-11-19 15:10:17.345153
1307,2019111901002967,RHPL,36,37,220,164,36080.00,2019-11-19 15:10:17.345153
1308,2019111901002911,NICA,46,22,10,412,4120.00,2019-11-19 15:10:17.345153
1309,2019111901002912,NICA,46,25,17,413,7021.00,2019-11-19 15:10:17.345153
1310,2019111901002913,SHPC,35,42,22,184,4048.00,2019-11-19 15:10:17.345153
1311,2019111901002914,SJCL,21,26,20,157,3140.00,2019-11-19 15:10:17.345153
1312,2019111901002915,RHPL,54,17,10,163,1630.00,2019-11-19 15:10:17.345153
1313,2019111901002916,CBL,16,52,42,137,5754.00,2019-11-19 15:10:17.345153
1314,2019111901002917,SJCL,40,42,10,157,1570.00,2019-11-19 15:10:17.345153
1315,2019111901002918,CCBL,40,8,561,161,90321.00,2019-11-19 15:10:17.345153
1316,2019111901002919,CCBL,8,8,459,161,73899.00,2019-11-19 15:10:17.345153
1317,2019111901002920,PCBL,40,58,1000,274,274000.00,2019-11-19 15:10:17.345153
1318,2019111901002921,PCBL,40,36,1000,274,274000.00,2019-11-19 15:10:17.345153
1319,2019111901002922,SJCL,40,17,10,157,1570.00,2019-11-19 15:10:17.345153
1320,2019111901002923,MNBBL,5,58,250,317,79250.00,2019-11-19 15:10:17.345153
1321,2019111901002924,SPDL,56,42,10,80,800.00,2019-11-19 15:10:17.345153
1322,2019111901002925,ADBL,34,33,63,415,26145.00,2019-11-19 15:10:17.345153
1323,2019111901002926,ADBL,39,33,937,415,388855.00,2019-11-19 15:10:17.345153
1324,2019111901002927,RADHI,36,20,10,145,1450.00,2019-11-19 15:10:17.345153
1325,2019111901002928,RADHI,36,17,12,146,1752.00,2019-11-19 15:10:17.345153
1326,2019111901002929,RADHI,36,50,11,147,1617.00,2019-11-19 15:10:17.345153
1327,2019111901002930,RADHI,36,28,11,147,1617.00,2019-11-19 15:10:17.345153
1328,2019111901002931,RADHI,36,45,144,148,21312.00,2019-11-19 15:10:17.345153
1329,2019111901002932,UPPER,59,26,40,225,9000.00,2019-11-19 15:10:17.345153
