S.N,Contract_No,Stock_Symbol,Buyer_Broker,Seller_Broker,Quantity,Rate,Amount,Date
1,2019100101003610,SBL,42,58,500,333,166500.00,2019-10-01 15:29:12.976467
2,2019100101003611,SBL,36,28,100,334,33400.00,2019-10-01 15:29:12.976467
3,2019100101003612,EIC,39,51,200,240,48000.00,2019-10-01 15:29:12.976467
4,2019100101003613,NLIC,45,28,100,770,77000.00,2019-10-01 15:29:12.976467
5,2019100101003614,SBI,36,13,10,409,4090.00,2019-10-01 15:29:12.976467
6,2019100101003615,NLICL,43,6,10,475,4750.00,2019-10-01 15:29:12.976467
7,2019100101003616,PLIC,21,16,100,329,32900.00,2019-10-01 15:29:12.976467
8,2019100101003617,HPPL,45,47,30,143,4290.00,2019-10-01 15:29:12.976467
9,2019100101003618,HPPL,45,16,30,145,4350.00,2019-10-01 15:29:12.976467
10,2019100101003619,HPPL,45,21,10,147,1470.00,2019-10-01 15:29:12.976467
11,2019100101003620,HPPL,45,36,10,149,1490.00,2019-10-01 15:29:12.976467
12,2019100101003621,AKPL,41,16,991,139,137749.00,2019-10-01 15:29:12.976467
13,2019100101003622,SHIVM,51,35,100,520,52000.00,2019-10-01 15:29:12.976467
14,2019100101003623,PIC,8,6,10,373,3730.00,2019-10-01 15:29:12.976467
15,2019100101003624,HDL,32,53,20,1452,29040.00,2019-10-01 15:29:12.976467
16,2019100101003625,HDL,26,53,30,1451,43530.00,2019-10-01 15:29:12.976467
17,2019100101003626,RHPL,58,44,200,159,31800.00,2019-10-01 15:29:12.976467
18,2019100101003627,SABSL,39,6,120,450,54000.00,2019-10-01 15:29:12.976467
19,2019100101003628,SBI,11,42,45,405,18225.00,2019-10-01 15:29:12.976467
20,2019100101003629,SLBSL,19,47,10,688,6880.00,2019-10-01 15:29:12.976467
21,2019100101003630,SHIVM,51,43,200,520,104000.00,2019-10-01 15:29:12.976467
22,2019100101003631,SABSL,34,58,10,459,4590.00,2019-10-01 15:29:12.976467
23,2019100101003632,SHIVM,51,41,100,520,52000.00,2019-10-01 15:29:12.976467
24,2019100101003633,ALBSL,39,58,10,433,4330.00,2019-10-01 15:29:12.976467
25,2019100101003634,NLIC,40,28,50,767,38350.00,2019-10-01 15:29:12.976467
26,2019100101003635,NLIC,28,28,300,767,230100.00,2019-10-01 15:29:12.976467
27,2019100101003636,NLIC,41,28,142,765,108630.00,2019-10-01 15:29:12.976467
28,2019100101003637,NLIC,32,28,100,765,76500.00,2019-10-01 15:29:12.976467
29,2019100101003638,SJCL,36,49,20,168,3360.00,2019-10-01 15:29:12.976467
30,2019100101003639,MDB,44,45,100,251,25100.00,2019-10-01 15:29:12.976467
31,2019100101003640,NMFBS,49,48,100,1666,166600.00,2019-10-01 15:29:12.976467
32,2019100101003641,MNBBL,1,54,17,308,5236.00,2019-10-01 15:29:12.976467
33,2019100101003642,MNBBL,14,54,483,308,148764.00,2019-10-01 15:29:12.976467
34,2019100101003643,SJCL,14,14,20,169,3380.00,2019-10-01 15:29:12.976467
35,2019100101003644,LBL,34,16,10,215,2150.00,2019-10-01 15:29:12.976467
36,2019100101003645,ALBSL,25,55,35,433,15155.00,2019-10-01 15:29:12.976467
37,2019100101003646,NLG,6,6,10,577,5770.00,2019-10-01 15:29:12.976467
38,2019100101003647,RHPL,52,44,2380,159,378420.00,2019-10-01 15:29:12.976467
39,2019100101003648,SABSL,39,16,10,460,4600.00,2019-10-01 15:29:12.976467
40,2019100101003649,RSDC,42,50,72,324,23328.00,2019-10-01 15:29:12.976467
41,2019100101003650,UPPER,10,6,100,236,23600.00,2019-10-01 15:29:12.976467
42,2019100101003651,UPPER,10,45,40,236,9440.00,2019-10-01 15:29:12.976467
43,2019100101003652,EBL,33,33,180,577,103860.00,2019-10-01 15:29:12.976467
44,2019100101003653,SLICL,33,1,10,277,2770.00,2019-10-01 15:29:12.976467
45,2019100101003654,SMFDB,5,50,37,511,18907.00,2019-10-01 15:29:12.976467
46,2019100101003655,EBL,6,33,160,577,92320.00,2019-10-01 15:29:12.976467
47,2019100101003656,NEF,6,10,600,7.52,4512.00,2019-10-01 15:29:12.976467
48,2019100101003657,NEF,22,10,160,7.52,1203.20,2019-10-01 15:29:12.976467
49,2019100101003658,NEF,11,10,2000,7.4,14800.00,2019-10-01 15:29:12.976467
50,2019100101003659,NEF,17,10,6000,7.33,43980.00,2019-10-01 15:29:12.976467
51,2019100101003660,NEF,13,10,91240,7.32,667876.80,2019-10-01 15:29:12.976467
52,2019100101003661,FMDBL,47,57,20,319,6380.00,2019-10-01 15:29:12.976467
53,2019100101003662,PLIC,45,16,88,329,28952.00,2019-10-01 15:29:12.976467
54,2019100101003663,PLIC,45,25,174,330,57420.00,2019-10-01 15:29:12.976467
55,2019100101003664,MBL,14,16,40,225,9000.00,2019-10-01 15:29:12.976467
56,2019100101003665,MBL,14,53,200,225,45000.00,2019-10-01 15:29:12.976467
57,2019100101003666,MBL,14,37,100,225,22500.00,2019-10-01 15:29:12.976467
58,2019100101003667,NICA,54,25,150,384,57600.00,2019-10-01 15:29:12.976467
59,2019100101003668,NICA,54,53,150,384,57600.00,2019-10-01 15:29:12.976467
60,2019100101003669,NICA,54,17,100,384,38400.00,2019-10-01 15:29:12.976467
61,2019100101003670,NICA,54,14,100,384,38400.00,2019-10-01 15:29:12.976467
62,2019100101003671,HDL,26,53,50,1451,72550.00,2019-10-01 15:29:12.976467
63,2019100101003672,BOKL,14,51,68,259,17612.00,2019-10-01 15:29:12.976467
64,2019100101003673,BOKL,14,37,202,259,52318.00,2019-10-01 15:29:12.976467
65,2019100101003674,BOKL,14,51,444,259,114996.00,2019-10-01 15:29:12.976467
66,2019100101003675,BOKL,14,51,370,259,95830.00,2019-10-01 15:29:12.976467
67,2019100101003676,BOKL,14,25,165,259,42735.00,2019-10-01 15:29:12.976467
68,2019100101003677,BOKL,14,25,166,259,42994.00,2019-10-01 15:29:12.976467
69,2019100101003678,BOKL,14,57,85,259,22015.00,2019-10-01 15:29:12.976467
70,2019100101003679,SJCL,10,59,10,170,1700.00,2019-10-01 15:29:12.976467
71,2019100101003680,NAGRO,35,35,10,716,7160.00,2019-10-01 15:29:12.976467
72,2019100101003681,ALBSL,39,1,30,434,13020.00,2019-10-01 15:29:12.976467
73,2019100101003682,MEGA,36,33,1000,194,194000.00,2019-10-01 15:29:12.976467
74,2019100101003683,UPPER,58,36,10,237,2370.00,2019-10-01 15:29:12.976467
75,2019100101003524,SHIVM,4,39,55,520,28600.00,2019-10-01 15:29:12.976467
76,2019100101003525,SHIVM,56,39,50,520,26000.00,2019-10-01 15:29:12.976467
77,2019100101003526,SHIVM,35,39,50,520,26000.00,2019-10-01 15:29:12.976467
78,2019100101003527,SHIVM,58,39,10,520,5200.00,2019-10-01 15:29:12.976467
79,2019100101003528,SHIVM,3,39,20,520,10400.00,2019-10-01 15:29:12.976467
80,2019100101003529,SHIVM,20,39,100,520,52000.00,2019-10-01 15:29:12.976467
81,2019100101003530,SHIVM,20,39,100,520,52000.00,2019-10-01 15:29:12.976467
82,2019100101003531,SHIVM,45,39,10,520,5200.00,2019-10-01 15:29:12.976467
83,2019100101003532,SHIVM,44,39,480,520,249600.00,2019-10-01 15:29:12.976467
84,2019100101003533,RHPL,40,6,350,159,55650.00,2019-10-01 15:29:12.976467
85,2019100101003534,SHIVM,44,17,20,520,10400.00,2019-10-01 15:29:12.976467
86,2019100101003535,SHIVM,54,17,50,520,26000.00,2019-10-01 15:29:12.976467
87,2019100101003536,SHIVM,29,17,340,520,176800.00,2019-10-01 15:29:12.976467
88,2019100101003537,CBL,43,53,10,144,1440.00,2019-10-01 15:29:12.976467
89,2019100101003538,SHIVM,29,22,300,520,156000.00,2019-10-01 15:29:12.976467
90,2019100101003539,CCBL,21,43,16,155,2480.00,2019-10-01 15:29:12.976467
91,2019100101003540,CCBL,21,5,331,155,51305.00,2019-10-01 15:29:12.976467
92,2019100101003541,CCBL,21,7,118,155,18290.00,2019-10-01 15:29:12.976467
93,2019100101003542,SJCL,36,49,20,168,3360.00,2019-10-01 15:29:12.976467
94,2019100101003543,RHPL,40,44,220,159,34980.00,2019-10-01 15:29:12.976467
95,2019100101003544,SHIVM,29,28,160,520,83200.00,2019-10-01 15:29:12.976467
96,2019100101003545,SHIVM,50,28,200,520,104000.00,2019-10-01 15:29:12.976467
97,2019100101003546,NICA,57,21,50,383,19150.00,2019-10-01 15:29:12.976467
98,2019100101003547,NIB,36,36,50,445,22250.00,2019-10-01 15:29:12.976467
99,2019100101003548,MEGA,43,25,10,195,1950.00,2019-10-01 15:29:12.976467
100,2019100101003549,NLG,25,45,10,578,5780.00,2019-10-01 15:29:12.976467
101,2019100101003550,SHIVM,39,28,290,520,150800.00,2019-10-01 15:29:12.976467
102,2019100101003551,SPDL,45,45,10,76,760.00,2019-10-01 15:29:12.976467
103,2019100101003552,SPDL,45,45,20,78,1560.00,2019-10-01 15:29:12.976467
104,2019100101003553,RHPL,49,44,200,159,31800.00,2019-10-01 15:29:12.976467
105,2019100101003554,LICN,21,10,10,1000,10000.00,2019-10-01 15:29:12.976467
106,2019100101003555,SJCL,42,59,80,170,13600.00,2019-10-01 15:29:12.976467
107,2019100101003556,SHIVM,39,46,210,520,109200.00,2019-10-01 15:29:12.976467
108,2019100101003557,SHIVM,56,46,200,519,103800.00,2019-10-01 15:29:12.976467
109,2019100101003558,SHIVM,34,46,50,519,25950.00,2019-10-01 15:29:12.976467
110,2019100101003559,SHIVM,43,46,50,519,25950.00,2019-10-01 15:29:12.976467
111,2019100101003560,SHIVM,34,46,100,519,51900.00,2019-10-01 15:29:12.976467
112,2019100101003561,SHIVM,3,46,10,519,5190.00,2019-10-01 15:29:12.976467
113,2019100101003562,SHIVM,56,46,80,519,41520.00,2019-10-01 15:29:12.976467
114,2019100101003563,EIC,42,14,100,238,23800.00,2019-10-01 15:29:12.976467
115,2019100101003564,EIC,6,14,92,237,21804.00,2019-10-01 15:29:12.976467
116,2019100101003565,BFC,8,6,20,91,1820.00,2019-10-01 15:29:12.976467
117,2019100101003566,NICA,50,21,688,383,263504.00,2019-10-01 15:29:12.976467
118,2019100101003567,NICA,50,48,30,383,11490.00,2019-10-01 15:29:12.976467
119,2019100101003568,NICA,50,35,201,383,76983.00,2019-10-01 15:29:12.976467
120,2019100101003569,NICA,50,22,47,383,18001.00,2019-10-01 15:29:12.976467
121,2019100101003570,IGI,45,11,100,299,29900.00,2019-10-01 15:29:12.976467
122,2019100101003571,IGI,45,52,100,300,30000.00,2019-10-01 15:29:12.976467
123,2019100101003572,LBBL,59,35,190,174,33060.00,2019-10-01 15:29:12.976467
124,2019100101003573,SRBL,34,43,10,238,2380.00,2019-10-01 15:29:12.976467
125,2019100101003574,SABSL,47,6,30,453,13590.00,2019-10-01 15:29:12.976467
126,2019100101003575,SABSL,1,6,20,450,9000.00,2019-10-01 15:29:12.976467
127,2019100101003576,SABSL,1,6,30,450,13500.00,2019-10-01 15:29:12.976467
128,2019100101003577,NTC,43,6,10,627,6270.00,2019-10-01 15:29:12.976467
129,2019100101003578,UFL,32,39,50,191,9550.00,2019-10-01 15:29:12.976467
130,2019100101003579,UFL,32,22,300,191,57300.00,2019-10-01 15:29:12.976467
131,2019100101003580,UFL,32,40,200,194,38800.00,2019-10-01 15:29:12.976467
132,2019100101003581,UFL,32,54,10,194,1940.00,2019-10-01 15:29:12.976467
133,2019100101003582,SHIVM,29,22,200,520,104000.00,2019-10-01 15:29:12.976467
134,2019100101003583,NHDL,35,35,10,94,940.00,2019-10-01 15:29:12.976467
135,2019100101003584,SJCL,14,14,10,169,1690.00,2019-10-01 15:29:12.976467
136,2019100101003585,SHIVM,56,5,420,519,217980.00,2019-10-01 15:29:12.976467
137,2019100101003586,SHIVM,6,5,50,519,25950.00,2019-10-01 15:29:12.976467
138,2019100101003587,SHIVM,20,5,100,519,51900.00,2019-10-01 15:29:12.976467
139,2019100101003588,SHIVM,43,5,100,519,51900.00,2019-10-01 15:29:12.976467
140,2019100101003589,SHIVM,58,5,30,519,15570.00,2019-10-01 15:29:12.976467
141,2019100101003590,SJCL,36,49,20,168,3360.00,2019-10-01 15:29:12.976467
142,2019100101003591,NLICL,6,6,30,470,14100.00,2019-10-01 15:29:12.976467
143,2019100101003592,NLICL,17,6,100,470,47000.00,2019-10-01 15:29:12.976467
144,2019100101003593,NLICL,45,6,100,470,47000.00,2019-10-01 15:29:12.976467
145,2019100101003594,NLICL,47,6,80,470,37600.00,2019-10-01 15:29:12.976467
146,2019100101003595,NLICL,14,6,300,470,141000.00,2019-10-01 15:29:12.976467
147,2019100101003596,NLICL,56,6,100,469,46900.00,2019-10-01 15:29:12.976467
148,2019100101003597,NLICL,44,6,474,469,222306.00,2019-10-01 15:29:12.976467
149,2019100101003598,NLICL,43,6,60,468,28080.00,2019-10-01 15:29:12.976467
150,2019100101003599,NLICL,59,6,756,468,353808.00,2019-10-01 15:29:12.976467
151,2019100101003600,GLBSL,26,6,120,436,52320.00,2019-10-01 15:29:12.976467
152,2019100101003601,CLBSL,48,37,38,474,18012.00,2019-10-01 15:29:12.976467
153,2019100101003602,CLBSL,10,37,90,473,42570.00,2019-10-01 15:29:12.976467
154,2019100101003603,CHCL,19,56,19,421,7999.00,2019-10-01 15:29:12.976467
155,2019100101003604,EIC,58,14,79,237,18723.00,2019-10-01 15:29:12.976467
156,2019100101003605,SHIVM,25,22,50,520,26000.00,2019-10-01 15:29:12.976467
157,2019100101003606,SHIVM,25,57,150,521,78150.00,2019-10-01 15:29:12.976467
158,2019100101003607,NLIC,45,32,80,770,61600.00,2019-10-01 15:29:12.976467
159,2019100101003608,NLIC,45,45,33,770,25410.00,2019-10-01 15:29:12.976467
160,2019100101003609,NLIC,45,28,27,770,20790.00,2019-10-01 15:29:12.976467
161,2019100101003484,NIBPO,8,52,500,414,207000.00,2019-10-01 15:29:12.976467
162,2019100101003485,NIBPO,1,52,500,413,206500.00,2019-10-01 15:29:12.976467
163,2019100101003486,CIT,6,22,10,1818,18180.00,2019-10-01 15:29:12.976467
164,2019100101003487,TRH,33,11,10,290,2900.00,2019-10-01 15:29:12.976467
165,2019100101003488,PRVU,43,20,10,264,2640.00,2019-10-01 15:29:12.976467
166,2019100101003489,CMF1,51,32,590,9.2,5428.00,2019-10-01 15:29:12.976467
167,2019100101003490,GMFBS,56,54,10,460,4600.00,2019-10-01 15:29:12.976467
168,2019100101003491,ADBL,58,14,59,417,24603.00,2019-10-01 15:29:12.976467
169,2019100101003492,SHIVM,1,38,100,521,52100.00,2019-10-01 15:29:12.976467
170,2019100101003493,RHPL,54,34,60,159,9540.00,2019-10-01 15:29:12.976467
171,2019100101003494,RHPL,40,34,10,159,1590.00,2019-10-01 15:29:12.976467
172,2019100101003495,PCBL,14,43,190,267,50730.00,2019-10-01 15:29:12.976467
173,2019100101003496,PCBL,14,5,10,267,2670.00,2019-10-01 15:29:12.976467
174,2019100101003497,TRH,45,17,10,293,2930.00,2019-10-01 15:29:12.976467
175,2019100101003498,NLICL,43,25,10,474,4740.00,2019-10-01 15:29:12.976467
176,2019100101003499,SHIVM,4,32,100,520,52000.00,2019-10-01 15:29:12.976467
177,2019100101003500,ICFC,34,52,10,161,1610.00,2019-10-01 15:29:12.976467
178,2019100101003501,SJCL,36,49,20,168,3360.00,2019-10-01 15:29:12.976467
179,2019100101003502,NIBPO,34,52,2660,412,1095920.00,2019-10-01 15:29:12.976467
180,2019100101003503,NIBPO,55,52,200,412,82400.00,2019-10-01 15:29:12.976467
181,2019100101003504,LICN,47,25,30,996,29880.00,2019-10-01 15:29:12.976467
182,2019100101003505,SHIVM,36,38,100,521,52100.00,2019-10-01 15:29:12.976467
183,2019100101003506,SMFBS,35,35,10,801,8010.00,2019-10-01 15:29:12.976467
184,2019100101003507,SJCL,14,14,20,169,3380.00,2019-10-01 15:29:12.976467
185,2019100101003508,HURJA,42,39,10,107,1070.00,2019-10-01 15:29:12.976467
186,2019100101003509,JFL,56,1,300,196,58800.00,2019-10-01 15:29:12.976467
187,2019100101003510,VLBS,44,33,200,545,109000.00,2019-10-01 15:29:12.976467
188,2019100101003511,MEGA,57,33,1283,194,248902.00,2019-10-01 15:29:12.976467
189,2019100101003512,MEGA,57,18,500,194,97000.00,2019-10-01 15:29:12.976467
190,2019100101003513,MEGA,57,7,113,194,21922.00,2019-10-01 15:29:12.976467
191,2019100101003514,MEGA,57,37,500,194,97000.00,2019-10-01 15:29:12.976467
192,2019100101003515,MEGA,57,49,20000,194,3880000.00,2019-10-01 15:29:12.976467
193,2019100101003516,RHPL,40,39,20,159,3180.00,2019-10-01 15:29:12.976467
194,2019100101003517,NABIL,36,22,53,772,40916.00,2019-10-01 15:29:12.976467
195,2019100101003518,SRBL,50,28,269,234,62946.00,2019-10-01 15:29:12.976467
196,2019100101003519,LICN,25,10,10,1000,10000.00,2019-10-01 15:29:12.976467
197,2019100101003520,SFFIL,6,45,50,195,9750.00,2019-10-01 15:29:12.976467
198,2019100101003521,BOKL,7,25,164,257,42148.00,2019-10-01 15:29:12.976467
199,2019100101003522,BOKL,34,25,336,257,86352.00,2019-10-01 15:29:12.976467
200,2019100101003523,NLG,7,6,21,568,11928.00,2019-10-01 15:29:12.976467
201,2019100101003444,MBL,14,50,200,224,44800.00,2019-10-01 15:29:12.976467
202,2019100101003445,LICN,43,10,150,995,149250.00,2019-10-01 15:29:12.976467
203,2019100101003446,SBL,45,28,100,334,33400.00,2019-10-01 15:29:12.976467
204,2019100101003447,AKBSL,19,18,40,415,16600.00,2019-10-01 15:29:12.976467
205,2019100101003448,ALBSL,39,21,10,431,4310.00,2019-10-01 15:29:12.976467
206,2019100101003449,LLBS,40,33,30,655,19650.00,2019-10-01 15:29:12.976467
207,2019100101003450,LLBS,57,33,100,655,65500.00,2019-10-01 15:29:12.976467
208,2019100101003451,NLIC,11,32,20,770,15400.00,2019-10-01 15:29:12.976467
209,2019100101003452,NIB,43,17,75,443,33225.00,2019-10-01 15:29:12.976467
210,2019100101003453,CHCL,39,59,90,422,37980.00,2019-10-01 15:29:12.976467
211,2019100101003454,PRVU,45,17,500,263,131500.00,2019-10-01 15:29:12.976467
212,2019100101003455,PRVU,51,17,100,263,26300.00,2019-10-01 15:29:12.976467
213,2019100101003456,PRVU,33,17,47,262,12314.00,2019-10-01 15:29:12.976467
214,2019100101003457,PRVU,25,17,100,262,26200.00,2019-10-01 15:29:12.976467
215,2019100101003458,PRVU,16,17,780,262,204360.00,2019-10-01 15:29:12.976467
216,2019100101003459,SABSL,35,35,10,454,4540.00,2019-10-01 15:29:12.976467
217,2019100101003460,EIC,49,51,50,240,12000.00,2019-10-01 15:29:12.976467
218,2019100101003461,LGIL,46,40,75,345,25875.00,2019-10-01 15:29:12.976467
219,2019100101003462,LGIL,52,40,75,345,25875.00,2019-10-01 15:29:12.976467
220,2019100101003463,TRH,14,8,100,285,28500.00,2019-10-01 15:29:12.976467
221,2019100101003464,MBL,14,48,279,224,62496.00,2019-10-01 15:29:12.976467
222,2019100101003465,HDL,58,58,6800,1465,9962000.00,2019-10-01 15:29:12.976467
223,2019100101003466,UPPER,33,36,10,237,2370.00,2019-10-01 15:29:12.976467
224,2019100101003467,JBBL,58,11,29,157,4553.00,2019-10-01 15:29:12.976467
225,2019100101003468,ILBS,35,34,10,430,4300.00,2019-10-01 15:29:12.976467
226,2019100101003469,SBI,5,45,100,405,40500.00,2019-10-01 15:29:12.976467
227,2019100101003470,SBI,25,45,100,405,40500.00,2019-10-01 15:29:12.976467
228,2019100101003471,SJCL,36,49,20,168,3360.00,2019-10-01 15:29:12.976467
229,2019100101003472,HURJA,42,39,20,107,2140.00,2019-10-01 15:29:12.976467
230,2019100101003473,SANIMA,45,5,50,307,15350.00,2019-10-01 15:29:12.976467
231,2019100101003474,SHIVM,35,22,100,521,52100.00,2019-10-01 15:29:12.976467
232,2019100101003475,SHIVM,3,22,10,521,5210.00,2019-10-01 15:29:12.976467
233,2019100101003476,SHIVM,22,22,20,521,10420.00,2019-10-01 15:29:12.976467
234,2019100101003477,SHIVM,51,22,50,521,26050.00,2019-10-01 15:29:12.976467
235,2019100101003478,SHIVM,35,22,30,521,15630.00,2019-10-01 15:29:12.976467
236,2019100101003479,TRH,14,43,450,285,128250.00,2019-10-01 15:29:12.976467
237,2019100101003480,SRBL,20,28,80,234,18720.00,2019-10-01 15:29:12.976467
238,2019100101003481,JBBL,58,11,29,157,4553.00,2019-10-01 15:29:12.976467
239,2019100101003482,DBBL,57,26,150,128,19200.00,2019-10-01 15:29:12.976467
240,2019100101003483,ALBSL,39,14,20,431,8620.00,2019-10-01 15:29:12.976467
241,2019100101003419,UPPER,10,1,1500,236,354000.00,2019-10-01 15:29:12.976467
242,2019100101003420,PCBL,45,43,50,266,13300.00,2019-10-01 15:29:12.976467
243,2019100101003421,PCBL,48,43,20,266,5320.00,2019-10-01 15:29:12.976467
244,2019100101003422,PCBL,54,43,100,266,26600.00,2019-10-01 15:29:12.976467
245,2019100101003423,PCBL,17,43,30,266,7980.00,2019-10-01 15:29:12.976467
246,2019100101003424,NBB,25,48,50,211,10550.00,2019-10-01 15:29:12.976467
247,2019100101003425,NTC,41,52,95,621,58995.00,2019-10-01 15:29:12.976467
248,2019100101003426,CBBL,3,21,10,971,9710.00,2019-10-01 15:29:12.976467
249,2019100101003427,CBBL,59,21,35,970,33950.00,2019-10-01 15:29:12.976467
250,2019100101003428,NICA,40,52,104,382,39728.00,2019-10-01 15:29:12.976467
251,2019100101003429,GFCL,22,11,160,135,21600.00,2019-10-01 15:29:12.976467
252,2019100101003430,NIB,42,17,25,443,11075.00,2019-10-01 15:29:12.976467
253,2019100101003431,NIB,43,17,500,443,221500.00,2019-10-01 15:29:12.976467
254,2019100101003432,SKBBL,22,25,10,921,9210.00,2019-10-01 15:29:12.976467
255,2019100101003433,MERO,19,41,100,557,55700.00,2019-10-01 15:29:12.976467
256,2019100101003434,HURJA,42,39,20,107,2140.00,2019-10-01 15:29:12.976467
257,2019100101003435,SIC,58,51,25,476,11900.00,2019-10-01 15:29:12.976467
258,2019100101003436,PCBL,41,43,500,267,133500.00,2019-10-01 15:29:12.976467
259,2019100101003437,MLBL,40,52,1000,213,213000.00,2019-10-01 15:29:12.976467
260,2019100101003438,SPARS,6,44,10,545,5450.00,2019-10-01 15:29:12.976467
261,2019100101003439,SPARS,6,44,10,545,5450.00,2019-10-01 15:29:12.976467
262,2019100101003440,RSDC,36,50,72,321,23112.00,2019-10-01 15:29:12.976467
263,2019100101003441,NCCB,57,50,900,199,179100.00,2019-10-01 15:29:12.976467
264,2019100101003442,BPCL,20,43,20,361,7220.00,2019-10-01 15:29:12.976467
265,2019100101003443,BPCL,20,58,280,361,101080.00,2019-10-01 15:29:12.976467
266,2019100101003393,LICN,25,1,50,999,49950.00,2019-10-01 15:29:12.976467
267,2019100101003394,RHPL,54,36,40,159,6360.00,2019-10-01 15:29:12.976467
268,2019100101003395,MLBL,42,4,21,214,4494.00,2019-10-01 15:29:12.976467
269,2019100101003396,HBL,32,6,50,500,25000.00,2019-10-01 15:29:12.976467
270,2019100101003397,GFCL,59,11,400,135,54000.00,2019-10-01 15:29:12.976467
271,2019100101003398,SJCL,36,36,20,168,3360.00,2019-10-01 15:29:12.976467
272,2019100101003399,MEGA,47,36,150,193,28950.00,2019-10-01 15:29:12.976467
273,2019100101003400,NLG,25,25,10,579,5790.00,2019-10-01 15:29:12.976467
274,2019100101003401,MLBL,25,29,500,213,106500.00,2019-10-01 15:29:12.976467
275,2019100101003402,LBL,6,16,238,214,50932.00,2019-10-01 15:29:12.976467
276,2019100101003403,NICA,40,34,100,382,38200.00,2019-10-01 15:29:12.976467
277,2019100101003404,ILBS,14,14,10,422,4220.00,2019-10-01 15:29:12.976467
278,2019100101003405,NCCB,42,32,100,200,20000.00,2019-10-01 15:29:12.976467
279,2019100101003406,NCCB,57,32,61,200,12200.00,2019-10-01 15:29:12.976467
280,2019100101003407,SRBL,47,43,30,234,7020.00,2019-10-01 15:29:12.976467
281,2019100101003408,SRBL,41,43,200,234,46800.00,2019-10-01 15:29:12.976467
282,2019100101003409,SRBL,20,43,270,234,63180.00,2019-10-01 15:29:12.976467
283,2019100101003410,SJCL,36,49,20,168,3360.00,2019-10-01 15:29:12.976467
284,2019100101003411,SANIMA,28,5,190,307,58330.00,2019-10-01 15:29:12.976467
285,2019100101003412,BOKL,13,29,80,258,20640.00,2019-10-01 15:29:12.976467
286,2019100101003413,RSDC,6,50,30,324,9720.00,2019-10-01 15:29:12.976467
287,2019100101003414,RHPL,54,6,700,159,111300.00,2019-10-01 15:29:12.976467
288,2019100101003415,TRH,14,43,100,285,28500.00,2019-10-01 15:29:12.976467
289,2019100101003416,SPARS,35,35,10,537,5370.00,2019-10-01 15:29:12.976467
290,2019100101003417,NTC,54,52,85,622,52870.00,2019-10-01 15:29:12.976467
291,2019100101003418,MSMBS,32,45,10,478,4780.00,2019-10-01 15:29:12.976467
292,2019100101003361,SHIVM,55,26,100,521,52100.00,2019-10-01 15:29:12.976467
293,2019100101003362,NICL,43,56,10,270,2700.00,2019-10-01 15:29:12.976467
294,2019100101003363,NTC,28,7,35,622,21770.00,2019-10-01 15:29:12.976467
295,2019100101003364,NTC,54,7,65,622,40430.00,2019-10-01 15:29:12.976467
296,2019100101003365,SCB,58,32,50,578,28900.00,2019-10-01 15:29:12.976467
297,2019100101003366,LBBL,42,50,800,174,139200.00,2019-10-01 15:29:12.976467
298,2019100101003367,HBL,58,39,10,496,4960.00,2019-10-01 15:29:12.976467
299,2019100101003368,HBL,14,39,206,495,101970.00,2019-10-01 15:29:12.976467
300,2019100101003369,NMBHF1,17,17,187,8.29,1550.23,2019-10-01 15:29:12.976467
301,2019100101003370,NICA,40,7,75,382,28650.00,2019-10-01 15:29:12.976467
302,2019100101003371,PIC,52,33,100,368,36800.00,2019-10-01 15:29:12.976467
303,2019100101003372,NCCB,42,51,250,200,50000.00,2019-10-01 15:29:12.976467
304,2019100101003373,NCCB,42,45,50,200,10000.00,2019-10-01 15:29:12.976467
305,2019100101003374,NCCB,42,57,100,200,20000.00,2019-10-01 15:29:12.976467
306,2019100101003375,RHPL,54,57,40,159,6360.00,2019-10-01 15:29:12.976467
307,2019100101003376,PLIC,45,50,100,325,32500.00,2019-10-01 15:29:12.976467
308,2019100101003377,PLIC,7,50,20,325,6500.00,2019-10-01 15:29:12.976467
309,2019100101003378,SJCL,36,49,20,168,3360.00,2019-10-01 15:29:12.976467
310,2019100101003379,ADBL,53,1,370,418,154660.00,2019-10-01 15:29:12.976467
311,2019100101003380,KBL,1,7,72,179,12888.00,2019-10-01 15:29:12.976467
312,2019100101003381,NLG,7,6,23,570,13110.00,2019-10-01 15:29:12.976467
313,2019100101003382,RHPC,49,40,121,82,9922.00,2019-10-01 15:29:12.976467
314,2019100101003383,NLIC,45,14,400,768,307200.00,2019-10-01 15:29:12.976467
315,2019100101003384,SABSL,14,14,10,454,4540.00,2019-10-01 15:29:12.976467
316,2019100101003385,CHCL,19,52,100,421,42100.00,2019-10-01 15:29:12.976467
317,2019100101003386,NBL,42,6,25,316,7900.00,2019-10-01 15:29:12.976467
318,2019100101003387,CCBL,26,5,500,154,77000.00,2019-10-01 15:29:12.976467
319,2019100101003388,NHPC,20,56,1000,53,53000.00,2019-10-01 15:29:12.976467
320,2019100101003389,SJCL,36,49,20,168,3360.00,2019-10-01 15:29:12.976467
321,2019100101003390,SBL,36,35,28,334,9352.00,2019-10-01 15:29:12.976467
322,2019100101003391,SBL,33,35,1000,334,334000.00,2019-10-01 15:29:12.976467
323,2019100101003392,NLIC,45,28,360,769,276840.00,2019-10-01 15:29:12.976467
324,2019100101003338,RSDC,17,17,1,325,325.00,2019-10-01 15:29:12.976467
325,2019100101003339,MSMBS,40,26,40,465,18600.00,2019-10-01 15:29:12.976467
326,2019100101003340,MSMBS,40,29,10,469,4690.00,2019-10-01 15:29:12.976467
327,2019100101003341,JOSHI,7,7,20,56,1120.00,2019-10-01 15:29:12.976467
328,2019100101003342,SRBL,14,28,162,236,38232.00,2019-10-01 15:29:12.976467
329,2019100101003343,SRBL,36,28,1230,235,289050.00,2019-10-01 15:29:12.976467
330,2019100101003344,SRBL,58,28,2000,235,470000.00,2019-10-01 15:29:12.976467
331,2019100101003345,AKBSL,36,36,10,416,4160.00,2019-10-01 15:29:12.976467
332,2019100101003346,SJCL,57,57,20,169,3380.00,2019-10-01 15:29:12.976467
333,2019100101003347,ILBS,35,35,10,422,4220.00,2019-10-01 15:29:12.976467
334,2019100101003348,PIC,45,6,500,370,185000.00,2019-10-01 15:29:12.976467
335,2019100101003349,SPARS,42,7,10,536,5360.00,2019-10-01 15:29:12.976467
336,2019100101003350,NICL,25,56,10,270,2700.00,2019-10-01 15:29:12.976467
337,2019100101003351,BFC,8,58,50,92,4600.00,2019-10-01 15:29:12.976467
338,2019100101003352,MEGA,47,36,150,193,28950.00,2019-10-01 15:29:12.976467
339,2019100101003353,SJCL,36,49,20,168,3360.00,2019-10-01 15:29:12.976467
340,2019100101003354,API,49,25,400,115,46000.00,2019-10-01 15:29:12.976467
341,2019100101003355,HURJA,42,39,20,107,2140.00,2019-10-01 15:29:12.976467
342,2019100101003356,HURJA,42,39,20,107,2140.00,2019-10-01 15:29:12.976467
343,2019100101003357,HURJA,42,39,10,107,1070.00,2019-10-01 15:29:12.976467
344,2019100101003358,UPPER,46,7,40,235,9400.00,2019-10-01 15:29:12.976467
345,2019100101003359,KBL,14,7,100,180,18000.00,2019-10-01 15:29:12.976467
346,2019100101003360,RHPL,54,57,40,159,6360.00,2019-10-01 15:29:12.976467
347,2019100101003285,ADBL,7,7,37,416,15392.00,2019-10-01 15:29:12.976467
348,2019100101003286,ADBL,58,7,41,416,17056.00,2019-10-01 15:29:12.976467
349,2019100101003287,RHPL,54,17,30,159,4770.00,2019-10-01 15:29:12.976467
350,2019100101003288,SJCL,36,49,20,168,3360.00,2019-10-01 15:29:12.976467
351,2019100101003289,PCBL,47,43,10,268,2680.00,2019-10-01 15:29:12.976467
352,2019100101003290,KBL,42,32,100,180,18000.00,2019-10-01 15:29:12.976467
353,2019100101003291,KBL,14,32,108,180,19440.00,2019-10-01 15:29:12.976467
354,2019100101003292,SJCL,36,17,20,168,3360.00,2019-10-01 15:29:12.976467
355,2019100101003293,PCBL,14,43,200,268,53600.00,2019-10-01 15:29:12.976467
356,2019100101003294,SCB,17,43,48,580,27840.00,2019-10-01 15:29:12.976467
357,2019100101003295,SCB,58,43,10,580,5800.00,2019-10-01 15:29:12.976467
358,2019100101003296,PFL,57,52,30,135,4050.00,2019-10-01 15:29:12.976467
359,2019100101003297,CBL,40,7,30,143,4290.00,2019-10-01 15:29:12.976467
360,2019100101003298,PIC,58,43,13,370,4810.00,2019-10-01 15:29:12.976467
361,2019100101003299,PIC,58,6,287,370,106190.00,2019-10-01 15:29:12.976467
362,2019100101003300,NBB,16,58,50,210,10500.00,2019-10-01 15:29:12.976467
363,2019100101003301,NBB,34,58,21,210,4410.00,2019-10-01 15:29:12.976467
364,2019100101003302,ALICL,14,14,105,316,33180.00,2019-10-01 15:29:12.976467
365,2019100101003303,PCBL,25,43,100,267,26700.00,2019-10-01 15:29:12.976467
366,2019100101003304,SPARS,45,17,10,535,5350.00,2019-10-01 15:29:12.976467
367,2019100101003305,SHIVM,38,59,50,521,26050.00,2019-10-01 15:29:12.976467
368,2019100101003306,ILBS,57,6,50,425,21250.00,2019-10-01 15:29:12.976467
369,2019100101003307,SJCL,36,36,20,168,3360.00,2019-10-01 15:29:12.976467
370,2019100101003308,ALBSL,39,17,10,431,4310.00,2019-10-01 15:29:12.976467
371,2019100101003309,ALBSL,39,55,30,433,12990.00,2019-10-01 15:29:12.976467
372,2019100101003310,ALBSL,39,40,10,433,4330.00,2019-10-01 15:29:12.976467
373,2019100101003311,ALBSL,39,40,10,433,4330.00,2019-10-01 15:29:12.976467
374,2019100101003312,ALBSL,39,40,10,433,4330.00,2019-10-01 15:29:12.976467
375,2019100101003313,ALBSL,39,4,10,433,4330.00,2019-10-01 15:29:12.976467
376,2019100101003314,ALBSL,39,40,10,433,4330.00,2019-10-01 15:29:12.976467
377,2019100101003315,CZBIL,14,39,80,195,15600.00,2019-10-01 15:29:12.976467
378,2019100101003316,CZBIL,38,39,200,195,39000.00,2019-10-01 15:29:12.976467
379,2019100101003317,CZBIL,26,39,100,195,19500.00,2019-10-01 15:29:12.976467
380,2019100101003318,CZBIL,59,39,300,195,58500.00,2019-10-01 15:29:12.976467
381,2019100101003319,CZBIL,34,39,100,195,19500.00,2019-10-01 15:29:12.976467
382,2019100101003320,CZBIL,42,39,50,195,9750.00,2019-10-01 15:29:12.976467
383,2019100101003321,CZBIL,42,39,25,195,4875.00,2019-10-01 15:29:12.976467
384,2019100101003322,CZBIL,35,39,145,194,28130.00,2019-10-01 15:29:12.976467
385,2019100101003323,MSMBS,39,26,10,465,4650.00,2019-10-01 15:29:12.976467
386,2019100101003324,NCCB,39,32,10,200,2000.00,2019-10-01 15:29:12.976467
387,2019100101003325,NICL,26,56,400,267,106800.00,2019-10-01 15:29:12.976467
388,2019100101003326,NICL,32,56,30,266,7980.00,2019-10-01 15:29:12.976467
389,2019100101003327,NICL,44,56,1000,266,266000.00,2019-10-01 15:29:12.976467
390,2019100101003328,NICL,21,56,40,266,10640.00,2019-10-01 15:29:12.976467
391,2019100101003329,NICL,17,56,100,265,26500.00,2019-10-01 15:29:12.976467
392,2019100101003330,NICL,35,56,1000,265,265000.00,2019-10-01 15:29:12.976467
393,2019100101003331,SABSL,57,57,10,455,4550.00,2019-10-01 15:29:12.976467
394,2019100101003332,SJCL,36,49,20,168,3360.00,2019-10-01 15:29:12.976467
395,2019100101003333,EBL,33,51,20,576,11520.00,2019-10-01 15:29:12.976467
396,2019100101003334,ALICL,16,50,100,317,31700.00,2019-10-01 15:29:12.976467
397,2019100101003335,ADBL,49,57,3486,417,1453662.00,2019-10-01 15:29:12.976467
398,2019100101003336,GMFBS,14,14,10,460,4600.00,2019-10-01 15:29:12.976467
399,2019100101003337,CHCL,19,7,89,421,37469.00,2019-10-01 15:29:12.976467
400,2019100101003248,SBL,28,14,100,335,33500.00,2019-10-01 15:29:12.976467
401,2019100101003249,ALBSL,26,21,10,430,4300.00,2019-10-01 15:29:12.976467
402,2019100101003250,SJCL,36,17,20,168,3360.00,2019-10-01 15:29:12.976467
403,2019100101003251,SDESI,45,6,50,610,30500.00,2019-10-01 15:29:12.976467
404,2019100101003252,UPPER,40,25,200,235,47000.00,2019-10-01 15:29:12.976467
405,2019100101003253,UPPER,46,25,300,235,70500.00,2019-10-01 15:29:12.976467
406,2019100101003254,EIC,6,41,408,237,96696.00,2019-10-01 15:29:12.976467
407,2019100101003255,ALBSL,26,21,10,430,4300.00,2019-10-01 15:29:12.976467
408,2019100101003256,SRBL,53,43,180,237,42660.00,2019-10-01 15:29:12.976467
409,2019100101003257,SRBL,45,43,182,236,42952.00,2019-10-01 15:29:12.976467
410,2019100101003258,SRBL,14,43,338,236,79768.00,2019-10-01 15:29:12.976467
411,2019100101003259,SRBL,28,25,80,238,19040.00,2019-10-01 15:29:12.976467
412,2019100101003260,SRBL,28,43,70,238,16660.00,2019-10-01 15:29:12.976467
413,2019100101003261,SHIVM,6,54,100,521,52100.00,2019-10-01 15:29:12.976467
414,2019100101003262,ILBS,45,6,100,425,42500.00,2019-10-01 15:29:12.976467
415,2019100101003263,MBL,59,48,200,223,44600.00,2019-10-01 15:29:12.976467
416,2019100101003264,MNBBL,49,14,60,309,18540.00,2019-10-01 15:29:12.976467
417,2019100101003265,UIC,48,41,73,261,19053.00,2019-10-01 15:29:12.976467
418,2019100101003266,UIC,34,41,24,261,6264.00,2019-10-01 15:29:12.976467
419,2019100101003267,SJCL,36,49,20,168,3360.00,2019-10-01 15:29:12.976467
420,2019100101003268,RHPL,54,36,40,159,6360.00,2019-10-01 15:29:12.976467
421,2019100101003269,ALBSL,26,21,10,430,4300.00,2019-10-01 15:29:12.976467
422,2019100101003270,NIB,51,36,250,445,111250.00,2019-10-01 15:29:12.976467
423,2019100101003271,API,25,39,421,114,47994.00,2019-10-01 15:29:12.976467
424,2019100101003272,API,25,38,100,114,11400.00,2019-10-01 15:29:12.976467
425,2019100101003273,API,25,25,18,115,2070.00,2019-10-01 15:29:12.976467
426,2019100101003274,PIC,17,17,20,368,7360.00,2019-10-01 15:29:12.976467
427,2019100101003275,PCBL,14,37,100,269,26900.00,2019-10-01 15:29:12.976467
428,2019100101003276,PCBL,14,33,35,269,9415.00,2019-10-01 15:29:12.976467
429,2019100101003277,PCBL,14,5,65,269,17485.00,2019-10-01 15:29:12.976467
430,2019100101003278,UPCL,22,49,50,79,3950.00,2019-10-01 15:29:12.976467
431,2019100101003279,CHCL,19,56,60,421,25260.00,2019-10-01 15:29:12.976467
432,2019100101003280,CHCL,19,19,32,421,13472.00,2019-10-01 15:29:12.976467
433,2019100101003281,ALBSL,26,21,10,430,4300.00,2019-10-01 15:29:12.976467
434,2019100101003282,RHPL,57,10,40,160,6400.00,2019-10-01 15:29:12.976467
435,2019100101003283,SLBBL,35,47,40,539,21560.00,2019-10-01 15:29:12.976467
436,2019100101003284,MEGA,49,33,100,194,19400.00,2019-10-01 15:29:12.976467
437,2019100101003229,SAPDBL,52,38,59,130,7670.00,2019-10-01 15:29:12.976467
438,2019100101003230,NBL,42,6,25,316,7900.00,2019-10-01 15:29:12.976467
439,2019100101003231,ALBSL,7,21,10,431,4310.00,2019-10-01 15:29:12.976467
440,2019100101003232,SHIVM,32,5,200,521,104200.00,2019-10-01 15:29:12.976467
441,2019100101003233,NIB,36,36,30,445,13350.00,2019-10-01 15:29:12.976467
442,2019100101003234,SKBBL,22,51,200,919,183800.00,2019-10-01 15:29:12.976467
443,2019100101003235,ALBSL,26,21,10,430,4300.00,2019-10-01 15:29:12.976467
444,2019100101003236,NBB,41,48,200,211,42200.00,2019-10-01 15:29:12.976467
445,2019100101003237,GLICL,45,57,100,369,36900.00,2019-10-01 15:29:12.976467
446,2019100101003238,ALBSL,26,21,10,430,4300.00,2019-10-01 15:29:12.976467
447,2019100101003239,AKBSL,1,33,170,416,70720.00,2019-10-01 15:29:12.976467
448,2019100101003240,CBL,14,53,1000,144,144000.00,2019-10-01 15:29:12.976467
449,2019100101003241,RHPL,54,17,30,159,4770.00,2019-10-01 15:29:12.976467
450,2019100101003242,SJCL,36,49,20,168,3360.00,2019-10-01 15:29:12.976467
451,2019100101003243,PCBL,14,45,54,268,14472.00,2019-10-01 15:29:12.976467
452,2019100101003244,PCBL,14,14,122,269,32818.00,2019-10-01 15:29:12.976467
453,2019100101003245,PCBL,14,25,100,269,26900.00,2019-10-01 15:29:12.976467
454,2019100101003246,PCBL,14,33,24,269,6456.00,2019-10-01 15:29:12.976467
455,2019100101003247,BOKL,41,29,36,258,9288.00,2019-10-01 15:29:12.976467
456,2019100101003207,SLBSL,54,17,10,675,6750.00,2019-10-01 15:29:12.976467
457,2019100101003208,CBL,40,57,55,143,7865.00,2019-10-01 15:29:12.976467
458,2019100101003209,SCB,17,43,100,580,58000.00,2019-10-01 15:29:12.976467
459,2019100101003210,SHIVM,51,38,50,521,26050.00,2019-10-01 15:29:12.976467
460,2019100101003211,ILBS,35,35,10,426,4260.00,2019-10-01 15:29:12.976467
461,2019100101003212,RHPL,34,5,20,159,3180.00,2019-10-01 15:29:12.976467
462,2019100101003213,RHPL,54,5,20,159,3180.00,2019-10-01 15:29:12.976467
463,2019100101003214,SHL,29,53,160,217,34720.00,2019-10-01 15:29:12.976467
464,2019100101003215,NBL,49,57,50,315,15750.00,2019-10-01 15:29:12.976467
465,2019100101003216,API,25,39,324,114,36936.00,2019-10-01 15:29:12.976467
466,2019100101003217,BOKL,28,29,300,258,77400.00,2019-10-01 15:29:12.976467
467,2019100101003218,ALBSL,7,21,10,431,4310.00,2019-10-01 15:29:12.976467
468,2019100101003219,TMDBL,40,32,10,152,1520.00,2019-10-01 15:29:12.976467
469,2019100101003220,TMDBL,59,32,150,151,22650.00,2019-10-01 15:29:12.976467
470,2019100101003221,TMDBL,28,32,2000,151,302000.00,2019-10-01 15:29:12.976467
471,2019100101003222,RADHI,17,57,11,134,1474.00,2019-10-01 15:29:12.976467
472,2019100101003223,SBL,45,29,10,334,3340.00,2019-10-01 15:29:12.976467
473,2019100101003224,SBL,36,29,22,334,7348.00,2019-10-01 15:29:12.976467
474,2019100101003225,ALBSL,7,21,10,431,4310.00,2019-10-01 15:29:12.976467
475,2019100101003226,SJCL,36,49,20,168,3360.00,2019-10-01 15:29:12.976467
476,2019100101003227,SABSL,58,17,10,452,4520.00,2019-10-01 15:29:12.976467
477,2019100101003228,SMFBS,45,6,110,800,88000.00,2019-10-01 15:29:12.976467
478,2019100101003186,CHCL,46,56,20,420,8400.00,2019-10-01 15:29:12.976467
479,2019100101003187,HDL,32,53,100,1452,145200.00,2019-10-01 15:29:12.976467
480,2019100101003188,GLICL,41,38,200,370,74000.00,2019-10-01 15:29:12.976467
481,2019100101003189,UPPER,42,56,195,235,45825.00,2019-10-01 15:29:12.976467
482,2019100101003190,ADBL,40,28,170,417,70890.00,2019-10-01 15:29:12.976467
483,2019100101003191,ALBSL,1,47,10,431,4310.00,2019-10-01 15:29:12.976467
484,2019100101003192,HURJA,29,5,20,106,2120.00,2019-10-01 15:29:12.976467
485,2019100101003193,RHPL,34,17,30,159,4770.00,2019-10-01 15:29:12.976467
486,2019100101003194,SHIVM,51,6,50,521,26050.00,2019-10-01 15:29:12.976467
487,2019100101003195,NTC,59,52,10,628,6280.00,2019-10-01 15:29:12.976467
488,2019100101003196,SJCL,10,49,20,169,3380.00,2019-10-01 15:29:12.976467
489,2019100101003197,API,5,39,500,114,57000.00,2019-10-01 15:29:12.976467
490,2019100101003198,HURJA,36,43,20,108,2160.00,2019-10-01 15:29:12.976467
491,2019100101003199,HURJA,36,16,10,108,1080.00,2019-10-01 15:29:12.976467
492,2019100101003200,CBL,40,49,800,143,114400.00,2019-10-01 15:29:12.976467
493,2019100101003201,SJCL,10,17,10,169,1690.00,2019-10-01 15:29:12.976467
494,2019100101003202,SJCL,36,17,10,168,1680.00,2019-10-01 15:29:12.976467
495,2019100101003203,SMFBS,45,39,10,805,8050.00,2019-10-01 15:29:12.976467
496,2019100101003204,SMFBS,45,21,10,805,8050.00,2019-10-01 15:29:12.976467
497,2019100101003205,NBB,51,45,30,211,6330.00,2019-10-01 15:29:12.976467
498,2019100101003206,SJCL,36,5,20,168,3360.00,2019-10-01 15:29:12.976467
499,2019100101003156,CIT,17,22,150,1815,272250.00,2019-10-01 15:29:12.976467
500,2019100101003157,CBL,57,49,200,143,28600.00,2019-10-01 15:29:12.976467
501,2019100101003158,SRBL,57,43,200,237,47400.00,2019-10-01 15:29:12.976467
502,2019100101003159,MHNL,40,28,30,78,2340.00,2019-10-01 15:29:12.976467
503,2019100101003160,ALBSL,1,38,10,431,4310.00,2019-10-01 15:29:12.976467
504,2019100101003161,AKBSL,1,33,10,416,4160.00,2019-10-01 15:29:12.976467
505,2019100101003162,SBL,10,14,400,335,134000.00,2019-10-01 15:29:12.976467
506,2019100101003163,GLICL,41,38,150,368,55200.00,2019-10-01 15:29:12.976467
507,2019100101003164,ALBSL,1,20,10,431,4310.00,2019-10-01 15:29:12.976467
508,2019100101003165,NTC,43,43,2000,621,1242000.00,2019-10-01 15:29:12.976467
509,2019100101003166,SMFBS,35,35,10,801,8010.00,2019-10-01 15:29:12.976467
510,2019100101003167,SRBL,49,25,20,238,4760.00,2019-10-01 15:29:12.976467
511,2019100101003168,CHCL,58,56,10,420,4200.00,2019-10-01 15:29:12.976467
512,2019100101003169,CHCL,58,56,10,420,4200.00,2019-10-01 15:29:12.976467
513,2019100101003170,CHCL,46,56,100,420,42000.00,2019-10-01 15:29:12.976467
514,2019100101003171,ADBL,42,1,10,418,4180.00,2019-10-01 15:29:12.976467
515,2019100101003172,SJCL,10,49,20,169,3380.00,2019-10-01 15:29:12.976467
516,2019100101003173,SABSL,16,33,10,454,4540.00,2019-10-01 15:29:12.976467
517,2019100101003174,GLICL,41,22,100,370,37000.00,2019-10-01 15:29:12.976467
518,2019100101003175,MHNL,45,19,40,78,3120.00,2019-10-01 15:29:12.976467
519,2019100101003176,PRIN,42,39,100,316,31600.00,2019-10-01 15:29:12.976467
520,2019100101003177,PRIN,17,39,200,315,63000.00,2019-10-01 15:29:12.976467
521,2019100101003178,PRIN,42,39,10,315,3150.00,2019-10-01 15:29:12.976467
522,2019100101003179,PRIN,14,39,206,315,64890.00,2019-10-01 15:29:12.976467
523,2019100101003180,PRIN,44,39,684,314,214776.00,2019-10-01 15:29:12.976467
524,2019100101003181,FMDBL,45,51,90,321,28890.00,2019-10-01 15:29:12.976467
525,2019100101003182,FMDBL,41,51,30,321,9630.00,2019-10-01 15:29:12.976467
526,2019100101003183,FMDBL,6,51,30,320,9600.00,2019-10-01 15:29:12.976467
527,2019100101003184,FMDBL,37,51,200,320,64000.00,2019-10-01 15:29:12.976467
528,2019100101003185,FMDBL,34,51,100,320,32000.00,2019-10-01 15:29:12.976467
529,2019100101003128,PMHPL,52,49,10,89,890.00,2019-10-01 15:29:12.976467
530,2019100101003129,KBL,6,32,37,180,6660.00,2019-10-01 15:29:12.976467
531,2019100101003130,SJCL,42,17,20,167,3340.00,2019-10-01 15:29:12.976467
532,2019100101003131,SRBL,28,17,150,237,35550.00,2019-10-01 15:29:12.976467
533,2019100101003132,NBB,14,28,46,211,9706.00,2019-10-01 15:29:12.976467
534,2019100101003133,NBB,34,28,200,211,42200.00,2019-10-01 15:29:12.976467
535,2019100101003134,NBB,52,28,100,211,21100.00,2019-10-01 15:29:12.976467
536,2019100101003135,NBB,51,28,31,211,6541.00,2019-10-01 15:29:12.976467
537,2019100101003136,AKBSL,1,58,10,416,4160.00,2019-10-01 15:29:12.976467
538,2019100101003137,MLBL,33,5,21,214,4494.00,2019-10-01 15:29:12.976467
539,2019100101003138,MLBL,33,4,979,214,209506.00,2019-10-01 15:29:12.976467
540,2019100101003139,NLIC,22,32,32,767,24544.00,2019-10-01 15:29:12.976467
541,2019100101003140,NLIC,7,32,100,766,76600.00,2019-10-01 15:29:12.976467
542,2019100101003141,NLIC,14,32,10,765,7650.00,2019-10-01 15:29:12.976467
543,2019100101003142,NLIC,34,32,100,765,76500.00,2019-10-01 15:29:12.976467
544,2019100101003143,NLIC,41,32,58,765,44370.00,2019-10-01 15:29:12.976467
545,2019100101003144,RHPL,34,17,30,159,4770.00,2019-10-01 15:29:12.976467
546,2019100101003145,JFL,47,1,10,196,1960.00,2019-10-01 15:29:12.976467
547,2019100101003146,JFL,56,1,300,196,58800.00,2019-10-01 15:29:12.976467
548,2019100101003147,LBL,57,16,100,214,21400.00,2019-10-01 15:29:12.976467
549,2019100101003148,NBB,33,58,45,211,9495.00,2019-10-01 15:29:12.976467
550,2019100101003149,NBB,51,58,155,211,32705.00,2019-10-01 15:29:12.976467
551,2019100101003150,SJCL,42,17,20,167,3340.00,2019-10-01 15:29:12.976467
552,2019100101003151,NTC,33,52,10,628,6280.00,2019-10-01 15:29:12.976467
553,2019100101003152,ADBL,40,14,300,417,125100.00,2019-10-01 15:29:12.976467
554,2019100101003153,SADBL,8,34,10,139,1390.00,2019-10-01 15:29:12.976467
555,2019100101003154,SADBL,19,34,336,139,46704.00,2019-10-01 15:29:12.976467
556,2019100101003155,NBB,51,19,89,211,18779.00,2019-10-01 15:29:12.976467
557,2019100101003100,IGI,34,50,400,298,119200.00,2019-10-01 15:29:12.976467
558,2019100101003101,BPCL,11,43,186,360,66960.00,2019-10-01 15:29:12.976467
559,2019100101003102,SCB,34,22,100,580,58000.00,2019-10-01 15:29:12.976467
560,2019100101003103,RHPL,41,36,40,159,6360.00,2019-10-01 15:29:12.976467
561,2019100101003104,SJCL,43,49,20,168,3360.00,2019-10-01 15:29:12.976467
562,2019100101003105,NTC,44,52,90,622,55980.00,2019-10-01 15:29:12.976467
563,2019100101003106,NTC,34,52,30,622,18660.00,2019-10-01 15:29:12.976467
564,2019100101003107,NTC,28,52,65,622,40430.00,2019-10-01 15:29:12.976467
565,2019100101003108,GMFBS,56,17,10,459,4590.00,2019-10-01 15:29:12.976467
566,2019100101003109,JSLBB,41,49,10,955,9550.00,2019-10-01 15:29:12.976467
567,2019100101003110,SICL,40,41,66,715,47190.00,2019-10-01 15:29:12.976467
568,2019100101003111,SICL,40,58,129,715,92235.00,2019-10-01 15:29:12.976467
569,2019100101003112,SICL,40,10,50,715,35750.00,2019-10-01 15:29:12.976467
570,2019100101003113,NABIL,32,22,100,772,77200.00,2019-10-01 15:29:12.976467
571,2019100101003114,SHIVM,4,21,25,520,13000.00,2019-10-01 15:29:12.976467
572,2019100101003115,KBL,45,32,255,180,45900.00,2019-10-01 15:29:12.976467
573,2019100101003116,KBL,28,32,1000,180,180000.00,2019-10-01 15:29:12.976467
574,2019100101003117,KBL,14,32,500,180,90000.00,2019-10-01 15:29:12.976467
575,2019100101003118,NLIC,4,28,50,768,38400.00,2019-10-01 15:29:12.976467
576,2019100101003119,NLIC,58,28,50,768,38400.00,2019-10-01 15:29:12.976467
577,2019100101003120,RHPL,41,17,30,159,4770.00,2019-10-01 15:29:12.976467
578,2019100101003121,SJCL,43,49,10,168,1680.00,2019-10-01 15:29:12.976467
579,2019100101003122,CCBL,5,58,16,155,2480.00,2019-10-01 15:29:12.976467
580,2019100101003123,CCBL,5,43,41,155,6355.00,2019-10-01 15:29:12.976467
581,2019100101003124,CCBL,50,43,55,155,8525.00,2019-10-01 15:29:12.976467
582,2019100101003125,HDL,32,39,200,1452,290400.00,2019-10-01 15:29:12.976467
583,2019100101003126,AKJCL,41,49,20,53,1060.00,2019-10-01 15:29:12.976467
584,2019100101003127,NCCB,57,38,100,199,19900.00,2019-10-01 15:29:12.976467
585,2019100101003077,NLIC,7,56,350,768,268800.00,2019-10-01 15:29:12.976467
586,2019100101003078,SBL,11,14,160,335,53600.00,2019-10-01 15:29:12.976467
587,2019100101003079,SLBSL,55,17,10,673,6730.00,2019-10-01 15:29:12.976467
588,2019100101003080,NBL,45,29,250,315,78750.00,2019-10-01 15:29:12.976467
589,2019100101003081,NBL,49,29,250,315,78750.00,2019-10-01 15:29:12.976467
590,2019100101003082,GBBL,14,59,448,212,94976.00,2019-10-01 15:29:12.976467
591,2019100101003083,SJCL,43,49,10,168,1680.00,2019-10-01 15:29:12.976467
592,2019100101003084,SHL,34,53,200,216,43200.00,2019-10-01 15:29:12.976467
593,2019100101003085,SJCL,36,36,20,169,3380.00,2019-10-01 15:29:12.976467
594,2019100101003086,SABSL,16,17,10,454,4540.00,2019-10-01 15:29:12.976467
595,2019100101003087,IGI,34,7,57,297,16929.00,2019-10-01 15:29:12.976467
596,2019100101003088,SICL,44,10,40,712,28480.00,2019-10-01 15:29:12.976467
597,2019100101003089,SHL,34,53,500,216,108000.00,2019-10-01 15:29:12.976467
598,2019100101003090,MPFL,59,29,50,97,4850.00,2019-10-01 15:29:12.976467
599,2019100101003091,MPFL,14,29,150,97,14550.00,2019-10-01 15:29:12.976467
600,2019100101003092,NTC,58,52,20,626,12520.00,2019-10-01 15:29:12.976467
601,2019100101003093,NTC,45,52,50,625,31250.00,2019-10-01 15:29:12.976467
602,2019100101003094,MBL,33,32,30,223,6690.00,2019-10-01 15:29:12.976467
603,2019100101003095,MBL,33,32,100,223,22300.00,2019-10-01 15:29:12.976467
604,2019100101003096,RHPL,36,34,30,160,4800.00,2019-10-01 15:29:12.976467
605,2019100101003097,RHPL,36,38,10,160,1600.00,2019-10-01 15:29:12.976467
606,2019100101003098,RHPL,41,17,30,159,4770.00,2019-10-01 15:29:12.976467
607,2019100101003099,SJCL,43,17,20,168,3360.00,2019-10-01 15:29:12.976467
608,2019100101003058,SCB,34,45,20,580,11600.00,2019-10-01 15:29:12.976467
609,2019100101003059,SBI,33,42,10,410,4100.00,2019-10-01 15:29:12.976467
610,2019100101003060,PRVU,41,49,273,263,71799.00,2019-10-01 15:29:12.976467
611,2019100101003061,PRVU,49,49,100,263,26300.00,2019-10-01 15:29:12.976467
612,2019100101003062,PRVU,49,49,99,263,26037.00,2019-10-01 15:29:12.976467
613,2019100101003063,CZBIL,14,57,10,195,1950.00,2019-10-01 15:29:12.976467
614,2019100101003064,MEGA,59,33,300,194,58200.00,2019-10-01 15:29:12.976467
615,2019100101003065,TRH,43,8,20,290,5800.00,2019-10-01 15:29:12.976467
616,2019100101003066,RHPL,41,17,30,159,4770.00,2019-10-01 15:29:12.976467
617,2019100101003067,SJCL,43,49,10,168,1680.00,2019-10-01 15:29:12.976467
618,2019100101003068,SBL,11,14,110,335,36850.00,2019-10-01 15:29:12.976467
619,2019100101003069,PLIC,14,53,343,324,111132.00,2019-10-01 15:29:12.976467
620,2019100101003070,SJCL,43,17,20,168,3360.00,2019-10-01 15:29:12.976467
621,2019100101003071,BOKL,29,1,300,258,77400.00,2019-10-01 15:29:12.976467
622,2019100101003072,BOKL,29,42,157,258,40506.00,2019-10-01 15:29:12.976467
623,2019100101003073,BOKL,29,28,379,258,97782.00,2019-10-01 15:29:12.976467
624,2019100101003074,BOKL,29,29,164,258,42312.00,2019-10-01 15:29:12.976467
625,2019100101003075,SCB,59,59,20,581,11620.00,2019-10-01 15:29:12.976467
626,2019100101003076,SAEF,25,28,1000,8.32,8320.00,2019-10-01 15:29:12.976467
627,2019100101003032,JOSHI,7,49,20,56,1120.00,2019-10-01 15:29:12.976467
628,2019100101003033,UPPER,58,57,40,235,9400.00,2019-10-01 15:29:12.976467
629,2019100101003034,SANIMA,6,32,50,308,15400.00,2019-10-01 15:29:12.976467
630,2019100101003035,MLBL,33,32,500,213,106500.00,2019-10-01 15:29:12.976467
631,2019100101003036,RHPL,41,17,30,159,4770.00,2019-10-01 15:29:12.976467
632,2019100101003037,SCB,34,59,20,580,11600.00,2019-10-01 15:29:12.976467
633,2019100101003038,FOWAD,34,39,10,1300,13000.00,2019-10-01 15:29:12.976467
634,2019100101003039,FOWAD,47,39,50,1275,63750.00,2019-10-01 15:29:12.976467
635,2019100101003040,SJCL,43,17,20,168,3360.00,2019-10-01 15:29:12.976467
636,2019100101003041,HPPL,52,47,70,143,10010.00,2019-10-01 15:29:12.976467
637,2019100101003042,SCB,34,59,20,580,11600.00,2019-10-01 15:29:12.976467
638,2019100101003043,FOWAD,59,39,16,1271,20336.00,2019-10-01 15:29:12.976467
639,2019100101003044,FOWAD,21,39,100,1270,127000.00,2019-10-01 15:29:12.976467
640,2019100101003045,FOWAD,28,39,24,1270,30480.00,2019-10-01 15:29:12.976467
641,2019100101003046,UPPER,58,37,40,235,9400.00,2019-10-01 15:29:12.976467
642,2019100101003047,CBBL,59,45,25,970,24250.00,2019-10-01 15:29:12.976467
643,2019100101003048,NLIC,40,25,50,767,38350.00,2019-10-01 15:29:12.976467
644,2019100101003049,ALBSL,1,17,10,431,4310.00,2019-10-01 15:29:12.976467
645,2019100101003050,GLBSL,35,35,10,437,4370.00,2019-10-01 15:29:12.976467
646,2019100101003051,NICA,36,21,14,383,5362.00,2019-10-01 15:29:12.976467
647,2019100101003052,PRIN,17,47,50,315,15750.00,2019-10-01 15:29:12.976467
648,2019100101003053,PIC,44,53,50,368,18400.00,2019-10-01 15:29:12.976467
649,2019100101003054,PIC,59,53,211,367,77437.00,2019-10-01 15:29:12.976467
650,2019100101003055,UPPER,58,37,50,235,11750.00,2019-10-01 15:29:12.976467
651,2019100101003056,SLBSL,22,17,10,676,6760.00,2019-10-01 15:29:12.976467
652,2019100101003057,LBL,58,16,162,214,34668.00,2019-10-01 15:29:12.976467
653,2019100101003000,UPPER,58,37,40,235,9400.00,2019-10-01 15:29:12.976467
654,2019100101003001,MBL,34,16,50,222,11100.00,2019-10-01 15:29:12.976467
655,2019100101003002,MBL,41,16,100,222,22200.00,2019-10-01 15:29:12.976467
656,2019100101003003,MBL,14,16,77,222,17094.00,2019-10-01 15:29:12.976467
657,2019100101003004,SHIVM,4,58,50,520,26000.00,2019-10-01 15:29:12.976467
658,2019100101003005,MNBBL,1,54,83,308,25564.00,2019-10-01 15:29:12.976467
659,2019100101003006,NTC,59,52,10,628,6280.00,2019-10-01 15:29:12.976467
660,2019100101003007,NBL,45,1,50,315,15750.00,2019-10-01 15:29:12.976467
661,2019100101003008,SLBSL,22,17,10,676,6760.00,2019-10-01 15:29:12.976467
662,2019100101003009,UPPER,58,37,50,235,11750.00,2019-10-01 15:29:12.976467
663,2019100101003010,CEFL,4,34,500,106,53000.00,2019-10-01 15:29:12.976467
664,2019100101003011,JOSHI,53,39,20,57,1140.00,2019-10-01 15:29:12.976467
665,2019100101003012,JOSHI,53,28,20,57,1140.00,2019-10-01 15:29:12.976467
666,2019100101003013,JOSHI,53,28,20,57,1140.00,2019-10-01 15:29:12.976467
667,2019100101003014,JOSHI,53,19,20,57,1140.00,2019-10-01 15:29:12.976467
668,2019100101003015,MLBL,53,4,50,213,10650.00,2019-10-01 15:29:12.976467
669,2019100101003016,MLBL,53,4,50,213,10650.00,2019-10-01 15:29:12.976467
670,2019100101003017,MEGA,45,47,13,193,2509.00,2019-10-01 15:29:12.976467
671,2019100101003018,MEGA,46,47,50,193,9650.00,2019-10-01 15:29:12.976467
672,2019100101003019,MEGA,47,47,37,193,7141.00,2019-10-01 15:29:12.976467
673,2019100101003020,ADBL,36,1,32,418,13376.00,2019-10-01 15:29:12.976467
674,2019100101003021,ALBSL,34,55,30,433,12990.00,2019-10-01 15:29:12.976467
675,2019100101003022,CBL,59,11,27,143,3861.00,2019-10-01 15:29:12.976467
676,2019100101003023,IGI,34,32,50,295,14750.00,2019-10-01 15:29:12.976467
677,2019100101003024,IGI,34,52,50,295,14750.00,2019-10-01 15:29:12.976467
678,2019100101003025,NHPC,1,56,200,53,10600.00,2019-10-01 15:29:12.976467
679,2019100101003026,NLIC,7,56,50,768,38400.00,2019-10-01 15:29:12.976467
680,2019100101003027,SCB,34,59,20,580,11600.00,2019-10-01 15:29:12.976467
681,2019100101003028,CCBL,5,47,100,155,15500.00,2019-10-01 15:29:12.976467
682,2019100101003029,ALBSL,34,55,30,433,12990.00,2019-10-01 15:29:12.976467
683,2019100101003030,UPPER,58,37,50,235,11750.00,2019-10-01 15:29:12.976467
684,2019100101003031,BPCL,50,43,14,360,5040.00,2019-10-01 15:29:12.976467
685,2019100101002971,ALBSL,1,17,40,431,17240.00,2019-10-01 15:29:12.976467
686,2019100101002972,ALBSL,1,29,10,431,4310.00,2019-10-01 15:29:12.976467
687,2019100101002973,SJCL,43,17,20,168,3360.00,2019-10-01 15:29:12.976467
688,2019100101002974,UPPER,57,37,20,236,4720.00,2019-10-01 15:29:12.976467
689,2019100101002975,BPCL,50,1,11,360,3960.00,2019-10-01 15:29:12.976467
690,2019100101002976,SAPDBL,21,58,30,130,3900.00,2019-10-01 15:29:12.976467
691,2019100101002977,SAPDBL,21,58,50,130,6500.00,2019-10-01 15:29:12.976467
692,2019100101002978,NBL,59,22,254,315,80010.00,2019-10-01 15:29:12.976467
693,2019100101002979,SHIVM,32,43,260,521,135460.00,2019-10-01 15:29:12.976467
694,2019100101002980,SHIVM,28,43,200,520,104000.00,2019-10-01 15:29:12.976467
695,2019100101002981,SHIVM,42,43,100,520,52000.00,2019-10-01 15:29:12.976467
696,2019100101002982,SHIVM,3,43,10,520,5200.00,2019-10-01 15:29:12.976467
697,2019100101002983,SHIVM,28,43,200,520,104000.00,2019-10-01 15:29:12.976467
698,2019100101002984,SHIVM,10,43,100,520,52000.00,2019-10-01 15:29:12.976467
699,2019100101002985,SHIVM,4,43,230,520,119600.00,2019-10-01 15:29:12.976467
700,2019100101002986,UPPER,57,37,20,236,4720.00,2019-10-01 15:29:12.976467
701,2019100101002987,SJCL,43,49,20,168,3360.00,2019-10-01 15:29:12.976467
702,2019100101002988,CZBIL,14,1,10,195,1950.00,2019-10-01 15:29:12.976467
703,2019100101002989,UPPER,11,36,95,235,22325.00,2019-10-01 15:29:12.976467
704,2019100101002990,UPPER,58,36,198,235,46530.00,2019-10-01 15:29:12.976467
705,2019100101002991,NTC,49,47,1980,620,1227600.00,2019-10-01 15:29:12.976467
706,2019100101002992,GBBL,14,11,381,212,80772.00,2019-10-01 15:29:12.976467
707,2019100101002993,SHIVM,4,58,40,520,20800.00,2019-10-01 15:29:12.976467
708,2019100101002994,BOKL,25,1,100,258,25800.00,2019-10-01 15:29:12.976467
709,2019100101002995,ADBL,40,14,30,417,12510.00,2019-10-01 15:29:12.976467
710,2019100101002996,UPPER,58,37,30,235,7050.00,2019-10-01 15:29:12.976467
711,2019100101002997,HURJA,29,49,20,106,2120.00,2019-10-01 15:29:12.976467
712,2019100101002998,NBL,36,6,22,316,6952.00,2019-10-01 15:29:12.976467
713,2019100101002999,HPPL,52,1,10,143,1430.00,2019-10-01 15:29:12.976467
714,2019100101002949,ALICL,56,36,98,316,30968.00,2019-10-01 15:29:12.976467
715,2019100101002950,SMB,21,1,10,419,4190.00,2019-10-01 15:29:12.976467
716,2019100101002951,BOKL,53,1,100,258,25800.00,2019-10-01 15:29:12.976467
717,2019100101002952,NMFBS,48,16,50,1680,84000.00,2019-10-01 15:29:12.976467
718,2019100101002953,NMFBS,1,16,30,1666,49980.00,2019-10-01 15:29:12.976467
719,2019100101002954,NMFBS,45,16,100,1666,166600.00,2019-10-01 15:29:12.976467
720,2019100101002955,NMFBS,40,16,50,1666,83300.00,2019-10-01 15:29:12.976467
721,2019100101002956,NMFBS,39,16,12,1665,19980.00,2019-10-01 15:29:12.976467
722,2019100101002957,TMDBL,57,59,50,153,7650.00,2019-10-01 15:29:12.976467
723,2019100101002958,SJCL,43,49,20,168,3360.00,2019-10-01 15:29:12.976467
724,2019100101002959,SJCL,57,57,20,169,3380.00,2019-10-01 15:29:12.976467
725,2019100101002960,NAGRO,59,1,10,720,7200.00,2019-10-01 15:29:12.976467
726,2019100101002961,UFL,28,54,100,194,19400.00,2019-10-01 15:29:12.976467
727,2019100101002962,SBI,14,37,322,405,130410.00,2019-10-01 15:29:12.976467
728,2019100101002963,SBI,14,21,100,407,40700.00,2019-10-01 15:29:12.976467
729,2019100101002964,SBI,14,51,990,408,403920.00,2019-10-01 15:29:12.976467
730,2019100101002965,FOWAD,34,11,20,1300,26000.00,2019-10-01 15:29:12.976467
731,2019100101002966,UPPER,11,1,40,235,9400.00,2019-10-01 15:29:12.976467
732,2019100101002967,PRVU,47,20,200,264,52800.00,2019-10-01 15:29:12.976467
733,2019100101002968,PRVU,36,20,22,264,5808.00,2019-10-01 15:29:12.976467
734,2019100101002969,ALBSL,26,38,40,430,17200.00,2019-10-01 15:29:12.976467
735,2019100101002970,RHPL,41,17,30,159,4770.00,2019-10-01 15:29:12.976467
736,2019100101002926,RHPL,41,17,10,159,1590.00,2019-10-01 15:29:12.976467
737,2019100101002927,SHPC,48,50,100,201,20100.00,2019-10-01 15:29:12.976467
738,2019100101002928,SHPC,48,37,28,202,5656.00,2019-10-01 15:29:12.976467
739,2019100101002929,ALBSL,47,17,60,431,25860.00,2019-10-01 15:29:12.976467
740,2019100101002930,AKBSL,35,35,10,419,4190.00,2019-10-01 15:29:12.976467
741,2019100101002931,SANIMA,14,8,500,308,154000.00,2019-10-01 15:29:12.976467
742,2019100101002932,SANIMA,14,10,200,308,61600.00,2019-10-01 15:29:12.976467
743,2019100101002933,SJCL,43,17,10,168,1680.00,2019-10-01 15:29:12.976467
744,2019100101002934,LGIL,22,40,150,347,52050.00,2019-10-01 15:29:12.976467
745,2019100101002935,RHPL,41,32,40,159,6360.00,2019-10-01 15:29:12.976467
746,2019100101002936,MNBBL,21,45,50,307,15350.00,2019-10-01 15:29:12.976467
747,2019100101002937,EBL,36,51,85,576,48960.00,2019-10-01 15:29:12.976467
748,2019100101002938,SHIVM,32,58,50,521,26050.00,2019-10-01 15:29:12.976467
749,2019100101002939,SABSL,57,57,10,455,4550.00,2019-10-01 15:29:12.976467
750,2019100101002940,ALBSL,26,17,10,430,4300.00,2019-10-01 15:29:12.976467
751,2019100101002941,GBLBS,36,36,10,322,3220.00,2019-10-01 15:29:12.976467
752,2019100101002942,SANIMA,14,8,400,308,123200.00,2019-10-01 15:29:12.976467
753,2019100101002943,SJCL,43,49,20,168,3360.00,2019-10-01 15:29:12.976467
754,2019100101002944,ILBS,22,17,10,421,4210.00,2019-10-01 15:29:12.976467
755,2019100101002945,CBL,59,11,169,143,24167.00,2019-10-01 15:29:12.976467
756,2019100101002946,KSBBL,33,29,400,142,56800.00,2019-10-01 15:29:12.976467
757,2019100101002947,SBL,38,35,58,335,19430.00,2019-10-01 15:29:12.976467
758,2019100101002948,SBL,38,43,42,335,14070.00,2019-10-01 15:29:12.976467
759,2019100101002876,RBCLPO,33,49,10,7447,74470.00,2019-10-01 15:29:12.976467
760,2019100101002877,RBCLPO,33,17,10,7449,74490.00,2019-10-01 15:29:12.976467
761,2019100101002878,SRBL,28,53,50,237,11850.00,2019-10-01 15:29:12.976467
762,2019100101002879,RHPL,41,17,30,159,4770.00,2019-10-01 15:29:12.976467
763,2019100101002880,SABSL,16,45,10,454,4540.00,2019-10-01 15:29:12.976467
764,2019100101002881,ALBSL,47,29,10,431,4310.00,2019-10-01 15:29:12.976467
765,2019100101002882,PIC,46,17,140,369,51660.00,2019-10-01 15:29:12.976467
766,2019100101002883,SJCL,14,17,10,168,1680.00,2019-10-01 15:29:12.976467
767,2019100101002884,PRVU,36,6,78,264,20592.00,2019-10-01 15:29:12.976467
768,2019100101002885,SHIVM,45,58,50,520,26000.00,2019-10-01 15:29:12.976467
769,2019100101002886,SJCL,14,49,20,168,3360.00,2019-10-01 15:29:12.976467
770,2019100101002887,SHIVM,14,7,100,522,52200.00,2019-10-01 15:29:12.976467
771,2019100101002888,SHIVM,14,22,1000,522,522000.00,2019-10-01 15:29:12.976467
772,2019100101002889,SHIVM,14,22,700,522,365400.00,2019-10-01 15:29:12.976467
773,2019100101002890,SHIVM,14,38,140,522,73080.00,2019-10-01 15:29:12.976467
774,2019100101002891,SHIVM,14,43,55,523,28765.00,2019-10-01 15:29:12.976467
775,2019100101002892,SHIVM,14,10,100,523,52300.00,2019-10-01 15:29:12.976467
776,2019100101002893,SHIVM,14,17,800,523,418400.00,2019-10-01 15:29:12.976467
777,2019100101002894,SHIVM,14,11,25,523,13075.00,2019-10-01 15:29:12.976467
778,2019100101002895,SHIVM,14,43,280,524,146720.00,2019-10-01 15:29:12.976467
779,2019100101002896,RHPL,41,32,50,159,7950.00,2019-10-01 15:29:12.976467
780,2019100101002897,NBL,29,22,26,315,8190.00,2019-10-01 15:29:12.976467
781,2019100101002898,NBL,49,22,654,315,206010.00,2019-10-01 15:29:12.976467
782,2019100101002899,ALBSL,47,22,10,431,4310.00,2019-10-01 15:29:12.976467
783,2019100101002900,SPARS,45,17,10,535,5350.00,2019-10-01 15:29:12.976467
784,2019100101002901,SABSL,16,45,10,454,4540.00,2019-10-01 15:29:12.976467
785,2019100101002902,BPCL,49,47,5153,358,1844774.00,2019-10-01 15:29:12.976467
786,2019100101002903,RHPL,57,42,30,160,4800.00,2019-10-01 15:29:12.976467
787,2019100101002904,RHPL,57,34,10,160,1600.00,2019-10-01 15:29:12.976467
788,2019100101002905,ILBS,42,6,10,426,4260.00,2019-10-01 15:29:12.976467
789,2019100101002906,ILBS,34,6,10,426,4260.00,2019-10-01 15:29:12.976467
790,2019100101002907,ILBS,35,6,20,426,8520.00,2019-10-01 15:29:12.976467
791,2019100101002908,ILBS,25,6,120,426,51120.00,2019-10-01 15:29:12.976467
792,2019100101002909,ILBS,43,6,100,425,42500.00,2019-10-01 15:29:12.976467
793,2019100101002910,ILBS,26,6,90,425,38250.00,2019-10-01 15:29:12.976467
794,2019100101002911,SKBBL,22,28,100,919,91900.00,2019-10-01 15:29:12.976467
795,2019100101002912,CIT,39,32,30,1817,54510.00,2019-10-01 15:29:12.976467
796,2019100101002913,NBL,49,22,346,315,108990.00,2019-10-01 15:29:12.976467
797,2019100101002914,NBL,39,22,100,315,31500.00,2019-10-01 15:29:12.976467
798,2019100101002915,NBL,35,22,100,315,31500.00,2019-10-01 15:29:12.976467
799,2019100101002916,SHPC,48,53,136,199,27064.00,2019-10-01 15:29:12.976467
800,2019100101002917,SHPC,48,53,136,199,27064.00,2019-10-01 15:29:12.976467
801,2019100101002918,NBL,25,22,200,315,63000.00,2019-10-01 15:29:12.976467
802,2019100101002919,SJCL,14,49,10,168,1680.00,2019-10-01 15:29:12.976467
803,2019100101002920,SJCL,34,49,10,168,1680.00,2019-10-01 15:29:12.976467
804,2019100101002921,NIB,40,14,320,443,141760.00,2019-10-01 15:29:12.976467
805,2019100101002922,NIB,40,22,372,443,164796.00,2019-10-01 15:29:12.976467
806,2019100101002923,SJCL,34,32,20,168,3360.00,2019-10-01 15:29:12.976467
807,2019100101002924,ALBSL,47,22,10,431,4310.00,2019-10-01 15:29:12.976467
808,2019100101002925,SABSL,16,45,10,454,4540.00,2019-10-01 15:29:12.976467
809,2019100101002846,SCB,34,21,10,580,5800.00,2019-10-01 15:29:12.976467
810,2019100101002847,NTC,49,47,8000,620,4960000.00,2019-10-01 15:29:12.976467
811,2019100101002848,SANIMA,28,32,10,307,3070.00,2019-10-01 15:29:12.976467
812,2019100101002849,SKBBL,22,55,20,915,18300.00,2019-10-01 15:29:12.976467
813,2019100101002850,AKBSL,1,17,10,416,4160.00,2019-10-01 15:29:12.976467
814,2019100101002851,SHIVM,49,7,390,521,203190.00,2019-10-01 15:29:12.976467
815,2019100101002852,SHIVM,20,7,110,521,57310.00,2019-10-01 15:29:12.976467
816,2019100101002853,SCB,43,45,100,582,58200.00,2019-10-01 15:29:12.976467
817,2019100101002854,NBL,29,49,150,315,47250.00,2019-10-01 15:29:12.976467
818,2019100101002855,NCCB,11,6,10,201,2010.00,2019-10-01 15:29:12.976467
819,2019100101002856,RADHI,57,57,12,136,1632.00,2019-10-01 15:29:12.976467
820,2019100101002857,SCB,21,45,50,582,29100.00,2019-10-01 15:29:12.976467
821,2019100101002858,SHIVM,50,17,295,522,153990.00,2019-10-01 15:29:12.976467
822,2019100101002859,ILBS,42,32,10,426,4260.00,2019-10-01 15:29:12.976467
823,2019100101002860,NTC,49,47,8000,620,4960000.00,2019-10-01 15:29:12.976467
824,2019100101002861,MLBL,59,4,100,213,21300.00,2019-10-01 15:29:12.976467
825,2019100101002862,MLBL,59,4,100,213,21300.00,2019-10-01 15:29:12.976467
826,2019100101002863,MLBL,59,4,150,213,31950.00,2019-10-01 15:29:12.976467
827,2019100101002864,MLBL,59,4,50,213,10650.00,2019-10-01 15:29:12.976467
828,2019100101002865,MLBL,59,4,100,213,21300.00,2019-10-01 15:29:12.976467
829,2019100101002866,PMHPL,17,17,10,89,890.00,2019-10-01 15:29:12.976467
830,2019100101002867,SJCL,14,49,20,168,3360.00,2019-10-01 15:29:12.976467
831,2019100101002868,RRHP,35,35,10,104,1040.00,2019-10-01 15:29:12.976467
832,2019100101002869,SHIVM,20,21,390,521,203190.00,2019-10-01 15:29:12.976467
833,2019100101002870,SHIVM,32,21,300,521,156300.00,2019-10-01 15:29:12.976467
834,2019100101002871,NICL,46,38,100,267,26700.00,2019-10-01 15:29:12.976467
835,2019100101002872,NICL,26,38,100,267,26700.00,2019-10-01 15:29:12.976467
836,2019100101002873,CBL,59,11,131,143,18733.00,2019-10-01 15:29:12.976467
837,2019100101002874,SJCL,14,32,20,168,3360.00,2019-10-01 15:29:12.976467
838,2019100101002875,NTC,33,52,10,628,6280.00,2019-10-01 15:29:12.976467
839,2019100101002819,NICL,40,38,144,270,38880.00,2019-10-01 15:29:12.976467
840,2019100101002820,RHPL,41,17,30,159,4770.00,2019-10-01 15:29:12.976467
841,2019100101002821,SRBL,28,26,300,237,71100.00,2019-10-01 15:29:12.976467
842,2019100101002822,ALBSL,21,58,10,432,4320.00,2019-10-01 15:29:12.976467
843,2019100101002823,KSBBL,50,21,700,141,98700.00,2019-10-01 15:29:12.976467
844,2019100101002824,ALBSL,47,21,10,431,4310.00,2019-10-01 15:29:12.976467
845,2019100101002825,SJCL,14,17,20,168,3360.00,2019-10-01 15:29:12.976467
846,2019100101002826,GBLBS,57,57,15,323,4845.00,2019-10-01 15:29:12.976467
847,2019100101002827,NCCB,55,16,500,200,100000.00,2019-10-01 15:29:12.976467
848,2019100101002828,CBL,59,53,200,144,28800.00,2019-10-01 15:29:12.976467
849,2019100101002829,KSBBL,41,40,800,141,112800.00,2019-10-01 15:29:12.976467
850,2019100101002830,NHDL,22,37,10,93,930.00,2019-10-01 15:29:12.976467
851,2019100101002831,SLICL,42,17,100,274,27400.00,2019-10-01 15:29:12.976467
852,2019100101002832,SLICL,16,17,100,273,27300.00,2019-10-01 15:29:12.976467
853,2019100101002833,ILBS,14,14,10,427,4270.00,2019-10-01 15:29:12.976467
854,2019100101002834,KBL,21,21,1,180,180.00,2019-10-01 15:29:12.976467
855,2019100101002835,SRBL,43,25,200,238,47600.00,2019-10-01 15:29:12.976467
856,2019100101002836,SANIMA,21,28,22,306,6732.00,2019-10-01 15:29:12.976467
857,2019100101002837,PMHPL,17,17,10,89,890.00,2019-10-01 15:29:12.976467
858,2019100101002838,SHIVM,41,26,90,521,46890.00,2019-10-01 15:29:12.976467
859,2019100101002839,SHIVM,54,26,50,521,26050.00,2019-10-01 15:29:12.976467
860,2019100101002840,SHIVM,20,26,300,521,156300.00,2019-10-01 15:29:12.976467
861,2019100101002841,SHIVM,14,26,200,521,104200.00,2019-10-01 15:29:12.976467
862,2019100101002842,SHIVM,20,26,300,521,156300.00,2019-10-01 15:29:12.976467
863,2019100101002843,SHIVM,49,26,60,521,31260.00,2019-10-01 15:29:12.976467
864,2019100101002844,UPCL,39,37,50,78,3900.00,2019-10-01 15:29:12.976467
865,2019100101002845,KSBBL,33,40,17,140,2380.00,2019-10-01 15:29:12.976467
866,2019100101002804,ALBSL,35,57,10,431,4310.00,2019-10-01 15:29:12.976467
867,2019100101002805,KBL,45,11,125,180,22500.00,2019-10-01 15:29:12.976467
868,2019100101002806,SHIVM,41,58,250,521,130250.00,2019-10-01 15:29:12.976467
869,2019100101002807,CZBIL,57,28,10,196,1960.00,2019-10-01 15:29:12.976467
870,2019100101002808,IGI,34,14,35,291,10185.00,2019-10-01 15:29:12.976467
871,2019100101002809,RHPL,41,17,30,159,4770.00,2019-10-01 15:29:12.976467
872,2019100101002810,FOWAD,49,11,18,1299,23382.00,2019-10-01 15:29:12.976467
873,2019100101002811,ADBL,44,14,170,417,70890.00,2019-10-01 15:29:12.976467
874,2019100101002812,MNBBL,35,54,200,308,61600.00,2019-10-01 15:29:12.976467
875,2019100101002813,NIBPO,25,17,150,413,61950.00,2019-10-01 15:29:12.976467
876,2019100101002814,NIBPO,34,17,340,412,140080.00,2019-10-01 15:29:12.976467
877,2019100101002815,SPARS,21,21,10,536,5360.00,2019-10-01 15:29:12.976467
878,2019100101002816,SJCL,14,17,20,168,3360.00,2019-10-01 15:29:12.976467
879,2019100101002817,IGI,34,11,100,294,29400.00,2019-10-01 15:29:12.976467
880,2019100101002818,HURJA,14,14,20,107,2140.00,2019-10-01 15:29:12.976467
881,2019100101002770,NMBMF,56,57,20,1042,20840.00,2019-10-01 15:29:12.976467
882,2019100101002771,IGI,42,14,100,292,29200.00,2019-10-01 15:29:12.976467
883,2019100101002772,IGI,19,14,198,291,57618.00,2019-10-01 15:29:12.976467
884,2019100101002773,UPPER,21,21,50,236,11800.00,2019-10-01 15:29:12.976467
885,2019100101002774,SJCL,56,17,20,169,3380.00,2019-10-01 15:29:12.976467
886,2019100101002775,RHPL,21,47,40,160,6400.00,2019-10-01 15:29:12.976467
887,2019100101002776,RHPL,41,21,40,159,6360.00,2019-10-01 15:29:12.976467
888,2019100101002777,CZBIL,55,6,216,196,42336.00,2019-10-01 15:29:12.976467
889,2019100101002778,CZBIL,55,33,10,196,1960.00,2019-10-01 15:29:12.976467
890,2019100101002779,SHIVM,32,17,300,522,156600.00,2019-10-01 15:29:12.976467
891,2019100101002780,SAPDBL,52,58,19,130,2470.00,2019-10-01 15:29:12.976467
892,2019100101002781,ALICL,41,17,220,315,69300.00,2019-10-01 15:29:12.976467
893,2019100101002782,PIC,47,41,100,369,36900.00,2019-10-01 15:29:12.976467
894,2019100101002783,RSDC,14,8,50,325,16250.00,2019-10-01 15:29:12.976467
895,2019100101002784,RSDC,34,8,50,325,16250.00,2019-10-01 15:29:12.976467
896,2019100101002785,ILBS,42,17,10,426,4260.00,2019-10-01 15:29:12.976467
897,2019100101002786,SABSL,14,14,10,455,4550.00,2019-10-01 15:29:12.976467
898,2019100101002787,SBL,45,26,95,334,31730.00,2019-10-01 15:29:12.976467
899,2019100101002788,CZBIL,55,28,253,196,49588.00,2019-10-01 15:29:12.976467
900,2019100101002789,SJCL,21,47,20,170,3400.00,2019-10-01 15:29:12.976467
901,2019100101002790,SJCL,56,21,20,169,3380.00,2019-10-01 15:29:12.976467
902,2019100101002791,GMFBS,22,17,10,460,4600.00,2019-10-01 15:29:12.976467
903,2019100101002792,NBL,32,44,150,315,47250.00,2019-10-01 15:29:12.976467
904,2019100101002793,NBL,25,44,10,315,3150.00,2019-10-01 15:29:12.976467
905,2019100101002794,NBL,29,44,824,315,259560.00,2019-10-01 15:29:12.976467
906,2019100101002795,FOWAD,49,5,20,1294,25880.00,2019-10-01 15:29:12.976467
907,2019100101002796,FOWAD,49,39,15,1294,19410.00,2019-10-01 15:29:12.976467
908,2019100101002797,FOWAD,49,33,50,1295,64750.00,2019-10-01 15:29:12.976467
909,2019100101002798,PIC,46,41,53,369,19557.00,2019-10-01 15:29:12.976467
910,2019100101002799,SMFBS,35,35,10,809,8090.00,2019-10-01 15:29:12.976467
911,2019100101002800,NABIL,36,25,50,770,38500.00,2019-10-01 15:29:12.976467
912,2019100101002801,NABIL,36,38,11,773,8503.00,2019-10-01 15:29:12.976467
913,2019100101002802,MPFL,38,48,100,98,9800.00,2019-10-01 15:29:12.976467
914,2019100101002803,AKBSL,56,17,10,416,4160.00,2019-10-01 15:29:12.976467
915,2019100101002744,SJCL,14,21,20,168,3360.00,2019-10-01 15:29:12.976467
916,2019100101002745,SAPDBL,42,58,10,130,1300.00,2019-10-01 15:29:12.976467
917,2019100101002746,SJCL,21,33,20,169,3380.00,2019-10-01 15:29:12.976467
918,2019100101002747,RHPL,41,22,40,159,6360.00,2019-10-01 15:29:12.976467
919,2019100101002748,UPPER,33,56,10,237,2370.00,2019-10-01 15:29:12.976467
920,2019100101002749,NMBMF,47,57,10,1042,10420.00,2019-10-01 15:29:12.976467
921,2019100101002750,RHPL,56,37,50,160,8000.00,2019-10-01 15:29:12.976467
922,2019100101002751,RHPL,56,42,10,160,1600.00,2019-10-01 15:29:12.976467
923,2019100101002752,SDESI,45,17,83,611,50713.00,2019-10-01 15:29:12.976467
924,2019100101002753,SDESI,45,17,197,611,120367.00,2019-10-01 15:29:12.976467
925,2019100101002754,SJCL,14,22,20,168,3360.00,2019-10-01 15:29:12.976467
926,2019100101002755,SKBBL,22,32,32,910,29120.00,2019-10-01 15:29:12.976467
927,2019100101002756,RHPL,41,17,30,159,4770.00,2019-10-01 15:29:12.976467
928,2019100101002757,KBL,21,21,1,180,180.00,2019-10-01 15:29:12.976467
929,2019100101002758,SJCL,56,19,20,169,3380.00,2019-10-01 15:29:12.976467
930,2019100101002759,SJCL,56,17,20,169,3380.00,2019-10-01 15:29:12.976467
931,2019100101002760,HBL,36,14,108,495,53460.00,2019-10-01 15:29:12.976467
932,2019100101002761,HBL,36,6,12,500,6000.00,2019-10-01 15:29:12.976467
933,2019100101002762,UIC,37,38,100,261,26100.00,2019-10-01 15:29:12.976467
934,2019100101002763,UIC,34,38,20,261,5220.00,2019-10-01 15:29:12.976467
935,2019100101002764,UIC,48,38,27,261,7047.00,2019-10-01 15:29:12.976467
936,2019100101002765,FMDBL,53,32,50,322,16100.00,2019-10-01 15:29:12.976467
937,2019100101002766,UPPER,11,32,25,235,5875.00,2019-10-01 15:29:12.976467
938,2019100101002767,ALBSL,57,42,10,431,4310.00,2019-10-01 15:29:12.976467
939,2019100101002768,SABSL,16,17,10,454,4540.00,2019-10-01 15:29:12.976467
940,2019100101002769,SHIVM,47,17,50,522,26100.00,2019-10-01 15:29:12.976467
941,2019100101002725,RHPL,40,32,50,159,7950.00,2019-10-01 15:29:12.976467
942,2019100101002726,PLIC,14,17,100,324,32400.00,2019-10-01 15:29:12.976467
943,2019100101002727,SABSL,21,48,10,455,4550.00,2019-10-01 15:29:12.976467
944,2019100101002728,SABSL,16,21,10,454,4540.00,2019-10-01 15:29:12.976467
945,2019100101002729,RHPL,40,17,30,159,4770.00,2019-10-01 15:29:12.976467
946,2019100101002730,SANIMA,42,32,40,307,12280.00,2019-10-01 15:29:12.976467
947,2019100101002731,SAPDBL,52,58,20,130,2600.00,2019-10-01 15:29:12.976467
948,2019100101002732,EIC,40,6,72,236,16992.00,2019-10-01 15:29:12.976467
949,2019100101002733,RHPL,40,21,30,159,4770.00,2019-10-01 15:29:12.976467
950,2019100101002734,RHPL,41,21,10,159,1590.00,2019-10-01 15:29:12.976467
951,2019100101002735,PRVU,47,45,92,265,24380.00,2019-10-01 15:29:12.976467
952,2019100101002736,RHPL,21,37,40,160,6400.00,2019-10-01 15:29:12.976467
953,2019100101002737,SJCL,14,17,20,168,3360.00,2019-10-01 15:29:12.976467
954,2019100101002738,SHIVM,6,17,155,522,80910.00,2019-10-01 15:29:12.976467
955,2019100101002739,UPPER,6,17,400,236,94400.00,2019-10-01 15:29:12.976467
956,2019100101002740,UPPER,32,17,60,235,14100.00,2019-10-01 15:29:12.976467
957,2019100101002741,UPPER,49,17,500,235,117500.00,2019-10-01 15:29:12.976467
958,2019100101002742,UPPER,11,17,40,235,9400.00,2019-10-01 15:29:12.976467
959,2019100101002743,SJCL,14,32,20,168,3360.00,2019-10-01 15:29:12.976467
960,2019100101002710,SPARS,21,21,10,536,5360.00,2019-10-01 15:29:12.976467
961,2019100101002711,SBL,51,14,50,334,16700.00,2019-10-01 15:29:12.976467
962,2019100101002712,SBL,22,14,150,334,50100.00,2019-10-01 15:29:12.976467
963,2019100101002713,NICL,43,17,10,271,2710.00,2019-10-01 15:29:12.976467
964,2019100101002714,PRIN,17,32,50,315,15750.00,2019-10-01 15:29:12.976467
965,2019100101002715,BPCL,50,51,25,360,9000.00,2019-10-01 15:29:12.976467
966,2019100101002716,MERO,41,5,46,557,25622.00,2019-10-01 15:29:12.976467
967,2019100101002717,MERO,41,19,115,557,64055.00,2019-10-01 15:29:12.976467
968,2019100101002718,MERO,41,19,110,558,61380.00,2019-10-01 15:29:12.976467
969,2019100101002719,PCBL,22,14,28,269,7532.00,2019-10-01 15:29:12.976467
970,2019100101002720,KBL,21,21,1,180,180.00,2019-10-01 15:29:12.976467
971,2019100101002721,PRVU,47,32,58,265,15370.00,2019-10-01 15:29:12.976467
972,2019100101002722,AKBSL,14,14,10,418,4180.00,2019-10-01 15:29:12.976467
973,2019100101002723,ALICL,16,17,50,315,15750.00,2019-10-01 15:29:12.976467
974,2019100101002724,ALICL,41,17,167,315,52605.00,2019-10-01 15:29:12.976467
975,2019100101002687,HURJA,14,14,20,107,2140.00,2019-10-01 15:29:12.976467
976,2019100101002688,NLIC,45,17,60,769,46140.00,2019-10-01 15:29:12.976467
977,2019100101002689,NLIC,40,17,300,768,230400.00,2019-10-01 15:29:12.976467
978,2019100101002690,NIB,45,32,20,442,8840.00,2019-10-01 15:29:12.976467
979,2019100101002691,ALBSL,32,17,40,429,17160.00,2019-10-01 15:29:12.976467
980,2019100101002692,MEGA,45,34,44,193,8492.00,2019-10-01 15:29:12.976467
981,2019100101002693,SMATA,29,45,100,536,53600.00,2019-10-01 15:29:12.976467
982,2019100101002694,SMATA,22,45,161,535,86135.00,2019-10-01 15:29:12.976467
983,2019100101002695,SMATA,50,45,20,532,10640.00,2019-10-01 15:29:12.976467
984,2019100101002696,SMATA,29,45,100,530,53000.00,2019-10-01 15:29:12.976467
985,2019100101002697,NIB,42,32,10,442,4420.00,2019-10-01 15:29:12.976467
986,2019100101002698,NMBMF,50,17,43,1043,44849.00,2019-10-01 15:29:12.976467
987,2019100101002699,NICA,32,32,55,381,20955.00,2019-10-01 15:29:12.976467
988,2019100101002700,SCB,17,14,620,582,360840.00,2019-10-01 15:29:12.976467
989,2019100101002701,SCB,17,50,50,582,29100.00,2019-10-01 15:29:12.976467
990,2019100101002702,SCB,17,38,300,582,174600.00,2019-10-01 15:29:12.976467
991,2019100101002703,SCB,17,45,30,582,17460.00,2019-10-01 15:29:12.976467
992,2019100101002704,PCBL,22,43,300,269,80700.00,2019-10-01 15:29:12.976467
993,2019100101002705,RHPC,35,35,10,83,830.00,2019-10-01 15:29:12.976467
994,2019100101002706,ALBSL,26,17,130,429,55770.00,2019-10-01 15:29:12.976467
995,2019100101002707,ALBSL,26,58,10,430,4300.00,2019-10-01 15:29:12.976467
996,2019100101002708,SAPDBL,52,39,10,132,1320.00,2019-10-01 15:29:12.976467
997,2019100101002709,EBL,13,51,20,576,11520.00,2019-10-01 15:29:12.976467
998,2019100101002676,BARUN,53,47,60,89,5340.00,2019-10-01 15:29:12.976467
999,2019100101002677,RHPL,40,22,40,159,6360.00,2019-10-01 15:29:12.976467
1000,2019100101002678,LBBL,41,32,100,172,17200.00,2019-10-01 15:29:12.976467
1001,2019100101002679,LBBL,48,32,50,172,8600.00,2019-10-01 15:29:12.976467
1002,2019100101002680,GMFBS,14,14,10,461,4610.00,2019-10-01 15:29:12.976467
1003,2019100101002681,NHPC,39,56,60,53,3180.00,2019-10-01 15:29:12.976467
1004,2019100101002682,LGIL,46,32,25,345,8625.00,2019-10-01 15:29:12.976467
1005,2019100101002683,NLICL,14,17,124,472,58528.00,2019-10-01 15:29:12.976467
1006,2019100101002684,NLICL,44,17,76,471,35796.00,2019-10-01 15:29:12.976467
1007,2019100101002685,MBL,47,32,20,223,4460.00,2019-10-01 15:29:12.976467
1008,2019100101002686,RMDC,47,53,100,618,61800.00,2019-10-01 15:29:12.976467
1009,2019100101002654,BPCL,58,51,10,360,3600.00,2019-10-01 15:29:12.976467
1010,2019100101002655,GLICL,41,17,40,365,14600.00,2019-10-01 15:29:12.976467
1011,2019100101002656,GLICL,19,17,49,364,17836.00,2019-10-01 15:29:12.976467
1012,2019100101002657,GLICL,6,17,30,363,10890.00,2019-10-01 15:29:12.976467
1013,2019100101002658,UFL,32,39,50,187,9350.00,2019-10-01 15:29:12.976467
1014,2019100101002659,UFL,32,28,100,192,19200.00,2019-10-01 15:29:12.976467
1015,2019100101002660,UFL,32,40,200,193,38600.00,2019-10-01 15:29:12.976467
1016,2019100101002661,HIDCL,39,32,25,134,3350.00,2019-10-01 15:29:12.976467
1017,2019100101002662,BPCL,58,51,10,360,3600.00,2019-10-01 15:29:12.976467
1018,2019100101002663,PMHPL,35,35,10,90,900.00,2019-10-01 15:29:12.976467
1019,2019100101002664,AKBSL,56,22,10,416,4160.00,2019-10-01 15:29:12.976467
1020,2019100101002665,NABIL,45,25,50,772,38600.00,2019-10-01 15:29:12.976467
1021,2019100101002666,NABIL,45,25,50,772,38600.00,2019-10-01 15:29:12.976467
1022,2019100101002667,NABIL,14,25,50,771,38550.00,2019-10-01 15:29:12.976467
1023,2019100101002668,NABIL,17,25,100,770,77000.00,2019-10-01 15:29:12.976467
1024,2019100101002669,NABIL,6,25,500,770,385000.00,2019-10-01 15:29:12.976467
1025,2019100101002670,NABIL,17,25,200,770,154000.00,2019-10-01 15:29:12.976467
1026,2019100101002671,JBBL,58,32,30,157,4710.00,2019-10-01 15:29:12.976467
1027,2019100101002672,SJCL,14,22,20,168,3360.00,2019-10-01 15:29:12.976467
1028,2019100101002673,UPPER,33,33,1800,236,424800.00,2019-10-01 15:29:12.976467
1029,2019100101002674,UIC,1,5,50,265,13250.00,2019-10-01 15:29:12.976467
1030,2019100101002675,UIC,1,21,31,265,8215.00,2019-10-01 15:29:12.976467
1031,2019100101002630,DBBL,41,45,125,127,15875.00,2019-10-01 15:29:12.976467
1032,2019100101002631,DBBL,53,45,100,127,12700.00,2019-10-01 15:29:12.976467
1033,2019100101002632,DBBL,21,45,400,127,50800.00,2019-10-01 15:29:12.976467
1034,2019100101002633,DBBL,38,45,500,127,63500.00,2019-10-01 15:29:12.976467
1035,2019100101002634,DBBL,38,45,100,127,12700.00,2019-10-01 15:29:12.976467
1036,2019100101002635,LBBL,57,50,374,174,65076.00,2019-10-01 15:29:12.976467
1037,2019100101002636,LBBL,45,50,300,174,52200.00,2019-10-01 15:29:12.976467
1038,2019100101002637,BOKL,7,25,10,257,2570.00,2019-10-01 15:29:12.976467
1039,2019100101002638,RLFL,34,59,10,117,1170.00,2019-10-01 15:29:12.976467
1040,2019100101002639,SLICL,58,28,10,277,2770.00,2019-10-01 15:29:12.976467
1041,2019100101002640,GHL,14,14,20,63,1260.00,2019-10-01 15:29:12.976467
1042,2019100101002641,CCBL,5,32,57,155,8835.00,2019-10-01 15:29:12.976467
1043,2019100101002642,PCBL,22,25,50,269,13450.00,2019-10-01 15:29:12.976467
1044,2019100101002643,PCBL,22,47,122,269,32818.00,2019-10-01 15:29:12.976467
1045,2019100101002644,PRVU,36,36,25,265,6625.00,2019-10-01 15:29:12.976467
1046,2019100101002645,MBL,55,48,10,223,2230.00,2019-10-01 15:29:12.976467
1047,2019100101002646,PFL,58,28,10,133,1330.00,2019-10-01 15:29:12.976467
1048,2019100101002647,CLBSL,7,32,10,478,4780.00,2019-10-01 15:29:12.976467
1049,2019100101002648,SCB,45,33,20,582,11640.00,2019-10-01 15:29:12.976467
1050,2019100101002649,SCB,45,14,180,582,104760.00,2019-10-01 15:29:12.976467
1051,2019100101002650,GUFL,3,32,100,108,10800.00,2019-10-01 15:29:12.976467
1052,2019100101002651,PFL,58,28,10,133,1330.00,2019-10-01 15:29:12.976467
1053,2019100101002652,SLICL,25,28,75,277,20775.00,2019-10-01 15:29:12.976467
1054,2019100101002653,ALBSL,7,17,30,429,12870.00,2019-10-01 15:29:12.976467
1055,2019100101002619,JBBL,49,41,190,158,30020.00,2019-10-01 15:29:12.976467
1056,2019100101002620,NIB,58,22,10,445,4450.00,2019-10-01 15:29:12.976467
1057,2019100101002621,SBI,36,45,53,402,21306.00,2019-10-01 15:29:12.976467
1058,2019100101002622,SBI,36,52,100,402,40200.00,2019-10-01 15:29:12.976467
1059,2019100101002623,SBI,36,51,105,402,42210.00,2019-10-01 15:29:12.976467
1060,2019100101002624,NIL,35,38,111,364,40404.00,2019-10-01 15:29:12.976467
1061,2019100101002625,UFL,32,40,100,190,19000.00,2019-10-01 15:29:12.976467
1062,2019100101002626,ADBL,44,45,80,417,33360.00,2019-10-01 15:29:12.976467
1063,2019100101002627,EIC,33,6,50,236,11800.00,2019-10-01 15:29:12.976467
1064,2019100101002628,SKBBL,22,14,100,911,91100.00,2019-10-01 15:29:12.976467
1065,2019100101002629,SBI,36,51,10,408,4080.00,2019-10-01 15:29:12.976467
1066,2019100101002603,NLIC,22,34,22,768,16896.00,2019-10-01 15:29:12.976467
1067,2019100101002604,MLBL,33,16,138,212,29256.00,2019-10-01 15:29:12.976467
1068,2019100101002605,SHIVM,34,22,30,521,15630.00,2019-10-01 15:29:12.976467
1069,2019100101002606,SHIVM,1,22,400,521,208400.00,2019-10-01 15:29:12.976467
1070,2019100101002607,SHIVM,21,22,50,521,26050.00,2019-10-01 15:29:12.976467
1071,2019100101002608,SHIVM,41,22,360,521,187560.00,2019-10-01 15:29:12.976467
1072,2019100101002609,SHIVM,41,7,300,521,156300.00,2019-10-01 15:29:12.976467
1073,2019100101002610,CZBIL,49,6,394,196,77224.00,2019-10-01 15:29:12.976467
1074,2019100101002611,CZBIL,7,6,50,196,9800.00,2019-10-01 15:29:12.976467
1075,2019100101002612,CZBIL,58,6,50,196,9800.00,2019-10-01 15:29:12.976467
1076,2019100101002613,NTC,47,52,15,628,9420.00,2019-10-01 15:29:12.976467
1077,2019100101002614,NBL,5,22,110,316,34760.00,2019-10-01 15:29:12.976467
1078,2019100101002615,SJCL,14,36,20,168,3360.00,2019-10-01 15:29:12.976467
1079,2019100101002616,UFL,32,40,100,185,18500.00,2019-10-01 15:29:12.976467
1080,2019100101002617,UFL,32,6,200,185,37000.00,2019-10-01 15:29:12.976467
1081,2019100101002618,UFL,32,28,100,187,18700.00,2019-10-01 15:29:12.976467
1082,2019100101002584,PRVU,29,45,650,265,172250.00,2019-10-01 15:29:12.976467
1083,2019100101002585,PRVU,34,45,10,265,2650.00,2019-10-01 15:29:12.976467
1084,2019100101002586,SJCL,14,36,20,168,3360.00,2019-10-01 15:29:12.976467
1085,2019100101002587,JSLBB,41,51,20,965,19300.00,2019-10-01 15:29:12.976467
1086,2019100101002588,NBB,17,58,800,212,169600.00,2019-10-01 15:29:12.976467
1087,2019100101002589,NIB,42,22,100,442,44200.00,2019-10-01 15:29:12.976467
1088,2019100101002590,SJCL,14,36,20,168,3360.00,2019-10-01 15:29:12.976467
1089,2019100101002591,SCB,41,35,60,581,34860.00,2019-10-01 15:29:12.976467
1090,2019100101002592,SJCL,14,28,20,168,3360.00,2019-10-01 15:29:12.976467
1091,2019100101002593,EBL,17,51,10,577,5770.00,2019-10-01 15:29:12.976467
1092,2019100101002594,RHPL,40,28,40,159,6360.00,2019-10-01 15:29:12.976467
1093,2019100101002595,EIC,7,6,70,238,16660.00,2019-10-01 15:29:12.976467
1094,2019100101002596,EIC,26,6,350,236,82600.00,2019-10-01 15:29:12.976467
1095,2019100101002597,EIC,58,6,58,236,13688.00,2019-10-01 15:29:12.976467
1096,2019100101002598,EBL,17,50,40,577,23080.00,2019-10-01 15:29:12.976467
1097,2019100101002599,EBL,17,50,160,577,92320.00,2019-10-01 15:29:12.976467
1098,2019100101002600,SHIVM,28,22,170,522,88740.00,2019-10-01 15:29:12.976467
1099,2019100101002601,SHIVM,28,33,325,522,169650.00,2019-10-01 15:29:12.976467
1100,2019100101002602,UPPER,33,56,10,237,2370.00,2019-10-01 15:29:12.976467
1101,2019100101002572,CZBIL,49,51,10,196,1960.00,2019-10-01 15:29:12.976467
1102,2019100101002573,LBL,38,48,100,214,21400.00,2019-10-01 15:29:12.976467
1103,2019100101002574,LBL,58,48,338,214,72332.00,2019-10-01 15:29:12.976467
1104,2019100101002575,NIB,36,22,20,446,8920.00,2019-10-01 15:29:12.976467
1105,2019100101002576,SJCL,14,36,20,168,3360.00,2019-10-01 15:29:12.976467
1106,2019100101002577,SHIVM,42,58,40,521,20840.00,2019-10-01 15:29:12.976467
1107,2019100101002578,NLIC,14,6,84,765,64260.00,2019-10-01 15:29:12.976467
1108,2019100101002579,SJCL,14,36,20,168,3360.00,2019-10-01 15:29:12.976467
1109,2019100101002580,NBL,17,22,600,316,189600.00,2019-10-01 15:29:12.976467
1110,2019100101002581,KPCL,35,35,10,77,770.00,2019-10-01 15:29:12.976467
1111,2019100101002582,SANIMA,21,32,100,306,30600.00,2019-10-01 15:29:12.976467
1112,2019100101002583,SJCL,14,36,20,168,3360.00,2019-10-01 15:29:12.976467
1113,2019100101002549,NBB,14,17,526,211,110986.00,2019-10-01 15:29:12.976467
1114,2019100101002550,GBLBS,7,32,54,321,17334.00,2019-10-01 15:29:12.976467
1115,2019100101002551,NIB,43,36,78,444,34632.00,2019-10-01 15:29:12.976467
1116,2019100101002552,NIB,58,36,100,444,44400.00,2019-10-01 15:29:12.976467
1117,2019100101002553,NIB,33,36,21,444,9324.00,2019-10-01 15:29:12.976467
1118,2019100101002554,NIB,43,36,200,444,88800.00,2019-10-01 15:29:12.976467
1119,2019100101002555,NIB,55,36,100,443,44300.00,2019-10-01 15:29:12.976467
1120,2019100101002556,NIB,44,36,200,443,88600.00,2019-10-01 15:29:12.976467
1121,2019100101002557,NIB,43,36,500,442,221000.00,2019-10-01 15:29:12.976467
1122,2019100101002558,NIB,46,36,200,442,88400.00,2019-10-01 15:29:12.976467
1123,2019100101002559,NIB,1,36,17,441,7497.00,2019-10-01 15:29:12.976467
1124,2019100101002560,NIB,22,36,482,441,212562.00,2019-10-01 15:29:12.976467
1125,2019100101002561,NIB,33,36,100,441,44100.00,2019-10-01 15:29:12.976467
1126,2019100101002562,NIB,39,36,60,440,26400.00,2019-10-01 15:29:12.976467
1127,2019100101002563,NIB,43,36,500,440,220000.00,2019-10-01 15:29:12.976467
1128,2019100101002564,NIB,26,36,442,440,194480.00,2019-10-01 15:29:12.976467
1129,2019100101002565,CHCL,19,56,500,421,210500.00,2019-10-01 15:29:12.976467
1130,2019100101002566,CHCL,45,56,100,420,42000.00,2019-10-01 15:29:12.976467
1131,2019100101002567,NUBL,32,45,40,848,33920.00,2019-10-01 15:29:12.976467
1132,2019100101002568,ADBL,47,45,20,417,8340.00,2019-10-01 15:29:12.976467
1133,2019100101002569,SJCL,36,36,20,169,3380.00,2019-10-01 15:29:12.976467
1134,2019100101002570,SJCL,36,36,20,169,3380.00,2019-10-01 15:29:12.976467
1135,2019100101002571,SJCL,36,35,120,169,20280.00,2019-10-01 15:29:12.976467
1136,2019100101002536,RHPL,40,36,40,159,6360.00,2019-10-01 15:29:12.976467
1137,2019100101002537,RHPL,40,36,40,159,6360.00,2019-10-01 15:29:12.976467
1138,2019100101002538,MEGA,57,13,10,194,1940.00,2019-10-01 15:29:12.976467
1139,2019100101002539,MEGA,57,33,317,194,61498.00,2019-10-01 15:29:12.976467
1140,2019100101002540,SBL,57,35,50,335,16750.00,2019-10-01 15:29:12.976467
1141,2019100101002541,NMFBS,45,48,150,1681,252150.00,2019-10-01 15:29:12.976467
1142,2019100101002542,NABIL,25,22,50,774,38700.00,2019-10-01 15:29:12.976467
1143,2019100101002543,NABIL,14,22,184,773,142232.00,2019-10-01 15:29:12.976467
1144,2019100101002544,NABIL,14,22,143,773,110539.00,2019-10-01 15:29:12.976467
1145,2019100101002545,JOSHI,7,44,20,56,1120.00,2019-10-01 15:29:12.976467
1146,2019100101002546,PRVU,38,58,90,267,24030.00,2019-10-01 15:29:12.976467
1147,2019100101002547,NBB,14,17,165,211,34815.00,2019-10-01 15:29:12.976467
1148,2019100101002548,SJCL,51,35,500,169,84500.00,2019-10-01 15:29:12.976467
1149,2019100101002520,RHPL,40,36,40,159,6360.00,2019-10-01 15:29:12.976467
1150,2019100101002521,SANIMA,50,8,500,307,153500.00,2019-10-01 15:29:12.976467
1151,2019100101002522,SANIMA,51,8,50,307,15350.00,2019-10-01 15:29:12.976467
1152,2019100101002523,SANIMA,57,8,1000,307,307000.00,2019-10-01 15:29:12.976467
1153,2019100101002524,SANIMA,59,8,182,306,55692.00,2019-10-01 15:29:12.976467
1154,2019100101002525,SANIMA,14,8,3000,306,918000.00,2019-10-01 15:29:12.976467
1155,2019100101002526,SANIMA,21,8,268,306,82008.00,2019-10-01 15:29:12.976467
1156,2019100101002527,RHPL,40,36,40,159,6360.00,2019-10-01 15:29:12.976467
1157,2019100101002528,ALBSL,6,44,10,428,4280.00,2019-10-01 15:29:12.976467
1158,2019100101002529,NABIL,17,51,14,777,10878.00,2019-10-01 15:29:12.976467
1159,2019100101002530,RLFL,34,59,10,115,1150.00,2019-10-01 15:29:12.976467
1160,2019100101002531,RHPL,40,36,40,159,6360.00,2019-10-01 15:29:12.976467
1161,2019100101002532,RHPL,40,36,40,159,6360.00,2019-10-01 15:29:12.976467
1162,2019100101002533,NABIL,17,22,16,777,12432.00,2019-10-01 15:29:12.976467
1163,2019100101002534,NLICL,44,6,450,475,213750.00,2019-10-01 15:29:12.976467
1164,2019100101002535,DBBL,33,56,10,129,1290.00,2019-10-01 15:29:12.976467
1165,2019100101002506,SHPC,22,37,50,200,10000.00,2019-10-01 15:29:12.976467
1166,2019100101002507,RHPL,36,35,10,160,1600.00,2019-10-01 15:29:12.976467
1167,2019100101002508,RHPL,36,42,40,160,6400.00,2019-10-01 15:29:12.976467
1168,2019100101002509,RHPL,36,37,310,160,49600.00,2019-10-01 15:29:12.976467
1169,2019100101002510,NBL,25,48,50,315,15750.00,2019-10-01 15:29:12.976467
1170,2019100101002511,NBL,32,48,350,315,110250.00,2019-10-01 15:29:12.976467
1171,2019100101002512,SLBSL,19,43,20,689,13780.00,2019-10-01 15:29:12.976467
1172,2019100101002513,SJCL,14,40,20,168,3360.00,2019-10-01 15:29:12.976467
1173,2019100101002514,RHPL,40,36,40,159,6360.00,2019-10-01 15:29:12.976467
1174,2019100101002515,RRHP,47,48,10,102,1020.00,2019-10-01 15:29:12.976467
1175,2019100101002516,RHPL,40,36,40,159,6360.00,2019-10-01 15:29:12.976467
1176,2019100101002517,RHPL,40,36,40,159,6360.00,2019-10-01 15:29:12.976467
1177,2019100101002518,SHPC,59,39,20,196,3920.00,2019-10-01 15:29:12.976467
1178,2019100101002519,SCB,41,1,40,581,23240.00,2019-10-01 15:29:12.976467
1179,2019100101002468,PRVU,48,48,500,267,133500.00,2019-10-01 15:29:12.976467
1180,2019100101002469,ALBSL,29,29,10,429,4290.00,2019-10-01 15:29:12.976467
1181,2019100101002470,LGIL,53,57,13,348,4524.00,2019-10-01 15:29:12.976467
1182,2019100101002471,ADBL,17,45,100,417,41700.00,2019-10-01 15:29:12.976467
1183,2019100101002472,PIC,45,6,50,368,18400.00,2019-10-01 15:29:12.976467
1184,2019100101002473,PIC,44,6,950,368,349600.00,2019-10-01 15:29:12.976467
1185,2019100101002474,SBL,36,47,100,334,33400.00,2019-10-01 15:29:12.976467
1186,2019100101002475,SBL,36,32,156,334,52104.00,2019-10-01 15:29:12.976467
1187,2019100101002476,SBL,36,16,500,334,167000.00,2019-10-01 15:29:12.976467
1188,2019100101002477,SBL,36,16,500,334,167000.00,2019-10-01 15:29:12.976467
1189,2019100101002478,SBL,36,6,500,334,167000.00,2019-10-01 15:29:12.976467
1190,2019100101002479,SBL,36,32,500,334,167000.00,2019-10-01 15:29:12.976467
1191,2019100101002480,SBL,36,19,200,335,67000.00,2019-10-01 15:29:12.976467
1192,2019100101002481,SBL,36,28,200,335,67000.00,2019-10-01 15:29:12.976467
1193,2019100101002482,SBL,36,52,200,335,67000.00,2019-10-01 15:29:12.976467
1194,2019100101002483,SBL,36,4,50,335,16750.00,2019-10-01 15:29:12.976467
1195,2019100101002484,SBL,36,4,100,335,33500.00,2019-10-01 15:29:12.976467
1196,2019100101002485,SBL,36,4,100,335,33500.00,2019-10-01 15:29:12.976467
1197,2019100101002486,SBL,36,4,100,335,33500.00,2019-10-01 15:29:12.976467
1198,2019100101002487,SBL,36,4,97,335,32495.00,2019-10-01 15:29:12.976467
1199,2019100101002488,SBL,36,17,1000,335,335000.00,2019-10-01 15:29:12.976467
1200,2019100101002489,SBL,36,29,525,335,175875.00,2019-10-01 15:29:12.976467
1201,2019100101002490,SBL,36,34,200,335,67000.00,2019-10-01 15:29:12.976467
1202,2019100101002491,SBL,36,58,80,335,26800.00,2019-10-01 15:29:12.976467
1203,2019100101002492,SBL,36,35,892,335,298820.00,2019-10-01 15:29:12.976467
1204,2019100101002493,AKBSL,36,36,10,417,4170.00,2019-10-01 15:29:12.976467
1205,2019100101002494,NAGRO,32,58,10,730,7300.00,2019-10-01 15:29:12.976467
1206,2019100101002495,NAGRO,32,28,40,730,29200.00,2019-10-01 15:29:12.976467
1207,2019100101002496,HBL,14,14,12,495,5940.00,2019-10-01 15:29:12.976467
1208,2019100101002497,SCB,17,1,50,581,29050.00,2019-10-01 15:29:12.976467
1209,2019100101002498,NBL,5,40,410,316,129560.00,2019-10-01 15:29:12.976467
1210,2019100101002499,NBL,5,51,300,316,94800.00,2019-10-01 15:29:12.976467
1211,2019100101002500,NBL,5,22,290,316,91640.00,2019-10-01 15:29:12.976467
1212,2019100101002501,RLFL,34,51,109,112,12208.00,2019-10-01 15:29:12.976467
1213,2019100101002502,RLFL,34,44,500,113,56500.00,2019-10-01 15:29:12.976467
1214,2019100101002503,RHPL,40,40,40,159,6360.00,2019-10-01 15:29:12.976467
1215,2019100101002504,SINDU,52,40,840,121,101640.00,2019-10-01 15:29:12.976467
1216,2019100101002505,NICA,36,21,33,383,12639.00,2019-10-01 15:29:12.976467
1217,2019100101002451,RRHP,47,48,10,102,1020.00,2019-10-01 15:29:12.976467
1218,2019100101002452,VLBS,45,48,10,553,5530.00,2019-10-01 15:29:12.976467
1219,2019100101002453,SBI,48,40,92,400,36800.00,2019-10-01 15:29:12.976467
1220,2019100101002454,PRVU,16,4,200,266,53200.00,2019-10-01 15:29:12.976467
1221,2019100101002455,PRVU,16,4,100,265,26500.00,2019-10-01 15:29:12.976467
1222,2019100101002456,PRVU,33,4,100,265,26500.00,2019-10-01 15:29:12.976467
1223,2019100101002457,PRVU,6,4,100,265,26500.00,2019-10-01 15:29:12.976467
1224,2019100101002458,PRVU,32,4,1000,265,265000.00,2019-10-01 15:29:12.976467
1225,2019100101002459,PRVU,57,4,150,265,39750.00,2019-10-01 15:29:12.976467
1226,2019100101002460,PRVU,29,4,350,265,92750.00,2019-10-01 15:29:12.976467
1227,2019100101002461,PIC,58,41,50,369,18450.00,2019-10-01 15:29:12.976467
1228,2019100101002462,PIC,32,41,10,369,3690.00,2019-10-01 15:29:12.976467
1229,2019100101002463,PIC,25,41,75,369,27675.00,2019-10-01 15:29:12.976467
1230,2019100101002464,CZBIL,49,48,100,196,19600.00,2019-10-01 15:29:12.976467
1231,2019100101002465,KBL,50,48,30,180,5400.00,2019-10-01 15:29:12.976467
1232,2019100101002466,KBL,45,48,120,180,21600.00,2019-10-01 15:29:12.976467
1233,2019100101002467,NLICL,55,6,50,475,23750.00,2019-10-01 15:29:12.976467
1234,2019100101002441,DBBL,33,49,1850,129,238650.00,2019-10-01 15:29:12.976467
1235,2019100101002442,SHIVM,42,5,200,521,104200.00,2019-10-01 15:29:12.976467
1236,2019100101002443,HBL,22,14,200,495,99000.00,2019-10-01 15:29:12.976467
1237,2019100101002444,NMFBS,45,26,50,1695,84750.00,2019-10-01 15:29:12.976467
1238,2019100101002445,SCB,22,1,10,581,5810.00,2019-10-01 15:29:12.976467
1239,2019100101002446,FMDBL,57,13,50,323,16150.00,2019-10-01 15:29:12.976467
1240,2019100101002447,SRBL,28,43,500,237,118500.00,2019-10-01 15:29:12.976467
1241,2019100101002448,RRHP,47,48,10,102,1020.00,2019-10-01 15:29:12.976467
1242,2019100101002449,NBL,21,40,90,316,28440.00,2019-10-01 15:29:12.976467
1243,2019100101002450,SINDU,39,40,100,121,12100.00,2019-10-01 15:29:12.976467
1244,2019100101002427,KSBBL,50,14,300,141,42300.00,2019-10-01 15:29:12.976467
1245,2019100101002428,MEGA,49,18,57,193,11001.00,2019-10-01 15:29:12.976467
1246,2019100101002429,MEGA,45,18,443,193,85499.00,2019-10-01 15:29:12.976467
1247,2019100101002430,SJCL,14,1,20,168,3360.00,2019-10-01 15:29:12.976467
1248,2019100101002431,NEF,11,57,3000,7.4,22200.00,2019-10-01 15:29:12.976467
1249,2019100101002432,HBL,57,14,80,495,39600.00,2019-10-01 15:29:12.976467
1250,2019100101002433,SHIVM,42,52,500,521,260500.00,2019-10-01 15:29:12.976467
1251,2019100101002434,PRVU,58,32,200,266,53200.00,2019-10-01 15:29:12.976467
1252,2019100101002435,PRVU,16,32,800,266,212800.00,2019-10-01 15:29:12.976467
1253,2019100101002436,SHIVM,42,5,800,521,416800.00,2019-10-01 15:29:12.976467
1254,2019100101002437,SINDU,46,40,200,121,24200.00,2019-10-01 15:29:12.976467
1255,2019100101002438,EBL,45,33,60,577,34620.00,2019-10-01 15:29:12.976467
1256,2019100101002439,EBL,45,33,100,577,57700.00,2019-10-01 15:29:12.976467
1257,2019100101002440,SABSL,16,50,10,454,4540.00,2019-10-01 15:29:12.976467
1258,2019100101002411,SHIVM,42,57,300,521,156300.00,2019-10-01 15:29:12.976467
1259,2019100101002412,PRIN,46,59,140,315,44100.00,2019-10-01 15:29:12.976467
1260,2019100101002413,CBL,33,56,50,143,7150.00,2019-10-01 15:29:12.976467
1261,2019100101002414,CBL,33,56,1500,143,214500.00,2019-10-01 15:29:12.976467
1262,2019100101002415,CBL,59,56,100,143,14300.00,2019-10-01 15:29:12.976467
1263,2019100101002416,RHPL,59,1,30,159,4770.00,2019-10-01 15:29:12.976467
1264,2019100101002417,BOKL,45,34,100,258,25800.00,2019-10-01 15:29:12.976467
1265,2019100101002418,SJCL,42,1,20,167,3340.00,2019-10-01 15:29:12.976467
1266,2019100101002419,CZBIL,46,28,40,197,7880.00,2019-10-01 15:29:12.976467
1267,2019100101002420,SAPDBL,52,58,10,134,1340.00,2019-10-01 15:29:12.976467
1268,2019100101002421,NLICL,59,34,15,474,7110.00,2019-10-01 15:29:12.976467
1269,2019100101002422,NLICL,59,28,36,475,17100.00,2019-10-01 15:29:12.976467
1270,2019100101002423,NLICL,59,39,21,475,9975.00,2019-10-01 15:29:12.976467
1271,2019100101002424,NLICL,59,43,21,476,9996.00,2019-10-01 15:29:12.976467
1272,2019100101002425,RHPL,59,1,20,159,3180.00,2019-10-01 15:29:12.976467
1273,2019100101002426,RHPL,40,1,10,159,1590.00,2019-10-01 15:29:12.976467
1274,2019100101002382,NABIL,14,39,16,777,12432.00,2019-10-01 15:29:12.976467
1275,2019100101002383,JSLBB,34,25,20,970,19400.00,2019-10-01 15:29:12.976467
1276,2019100101002384,JSLBB,34,25,15,970,14550.00,2019-10-01 15:29:12.976467
1277,2019100101002385,SHIVM,14,59,220,522,114840.00,2019-10-01 15:29:12.976467
1278,2019100101002386,SHIVM,14,38,100,522,52200.00,2019-10-01 15:29:12.976467
1279,2019100101002387,SANIMA,6,46,60,307,18420.00,2019-10-01 15:29:12.976467
1280,2019100101002388,SANIMA,34,46,50,307,15350.00,2019-10-01 15:29:12.976467
1281,2019100101002389,SANIMA,34,46,100,307,30700.00,2019-10-01 15:29:12.976467
1282,2019100101002390,SANIMA,57,46,2000,307,614000.00,2019-10-01 15:29:12.976467
1283,2019100101002391,SANIMA,44,46,100,306,30600.00,2019-10-01 15:29:12.976467
1284,2019100101002392,SANIMA,6,46,100,306,30600.00,2019-10-01 15:29:12.976467
1285,2019100101002393,SANIMA,47,46,100,306,30600.00,2019-10-01 15:29:12.976467
1286,2019100101002394,SANIMA,59,46,18,306,5508.00,2019-10-01 15:29:12.976467
1287,2019100101002395,AKJCL,41,57,10,53,530.00,2019-10-01 15:29:12.976467
1288,2019100101002396,UPPER,32,7,50,235,11750.00,2019-10-01 15:29:12.976467
1289,2019100101002397,SHIVM,14,22,160,522,83520.00,2019-10-01 15:29:12.976467
1290,2019100101002398,AKBSL,56,13,10,416,4160.00,2019-10-01 15:29:12.976467
1291,2019100101002399,MLBL,55,16,111,212,23532.00,2019-10-01 15:29:12.976467
1292,2019100101002400,SAPDBL,52,39,10,136,1360.00,2019-10-01 15:29:12.976467
1293,2019100101002401,RHPL,21,35,50,160,8000.00,2019-10-01 15:29:12.976467
1294,2019100101002402,RHPL,29,1,30,159,4770.00,2019-10-01 15:29:12.976467
1295,2019100101002403,RHPL,29,21,50,159,7950.00,2019-10-01 15:29:12.976467
1296,2019100101002404,SWBBL,14,58,170,917,155890.00,2019-10-01 15:29:12.976467
1297,2019100101002405,SJCL,42,1,20,167,3340.00,2019-10-01 15:29:12.976467
1298,2019100101002406,SJCL,21,21,10,168,1680.00,2019-10-01 15:29:12.976467
1299,2019100101002407,GHL,41,57,30,62,1860.00,2019-10-01 15:29:12.976467
1300,2019100101002408,ILBS,32,43,50,430,21500.00,2019-10-01 15:29:12.976467
1301,2019100101002409,ILBS,32,34,10,430,4300.00,2019-10-01 15:29:12.976467
1302,2019100101002410,ILBS,32,46,50,430,21500.00,2019-10-01 15:29:12.976467
1303,2019100101002356,SJCL,42,1,20,167,3340.00,2019-10-01 15:29:12.976467
1304,2019100101002357,SHIVM,45,14,80,521,41680.00,2019-10-01 15:29:12.976467
1305,2019100101002358,SHIVM,3,14,10,521,5210.00,2019-10-01 15:29:12.976467
1306,2019100101002359,SHIVM,34,14,50,521,26050.00,2019-10-01 15:29:12.976467
1307,2019100101002360,SHIVM,35,14,100,521,52100.00,2019-10-01 15:29:12.976467
1308,2019100101002361,SHIVM,13,14,200,521,104200.00,2019-10-01 15:29:12.976467
1309,2019100101002362,SHIVM,42,14,160,521,83360.00,2019-10-01 15:29:12.976467
1310,2019100101002363,ADBL,47,14,10,417,4170.00,2019-10-01 15:29:12.976467
1311,2019100101002364,AKBSL,21,21,10,420,4200.00,2019-10-01 15:29:12.976467
1312,2019100101002365,KSBBL,34,40,370,142,52540.00,2019-10-01 15:29:12.976467
1313,2019100101002366,KSBBL,42,40,100,142,14200.00,2019-10-01 15:29:12.976467
1314,2019100101002367,KSBBL,38,40,500,142,71000.00,2019-10-01 15:29:12.976467
1315,2019100101002368,RHPL,29,1,30,159,4770.00,2019-10-01 15:29:12.976467
1316,2019100101002369,CCBL,47,34,10,156,1560.00,2019-10-01 15:29:12.976467
1317,2019100101002370,SABSL,48,7,10,455,4550.00,2019-10-01 15:29:12.976467
1318,2019100101002371,SJCL,42,1,20,167,3340.00,2019-10-01 15:29:12.976467
1319,2019100101002372,CCBL,21,21,1,156,156.00,2019-10-01 15:29:12.976467
1320,2019100101002373,KPCL,19,39,10,76,760.00,2019-10-01 15:29:12.976467
1321,2019100101002374,UPPER,7,22,200,236,47200.00,2019-10-01 15:29:12.976467
1322,2019100101002375,UPPER,42,22,500,236,118000.00,2019-10-01 15:29:12.976467
1323,2019100101002376,UPPER,7,22,200,236,47200.00,2019-10-01 15:29:12.976467
1324,2019100101002377,UPPER,14,22,500,236,118000.00,2019-10-01 15:29:12.976467
1325,2019100101002378,SJCL,42,7,20,167,3340.00,2019-10-01 15:29:12.976467
1326,2019100101002379,KRBL,37,34,35,102,3570.00,2019-10-01 15:29:12.976467
1327,2019100101002380,JBBL,47,41,10,158,1580.00,2019-10-01 15:29:12.976467
