S.N,Contract_No,Stock_Symbol,Buyer_Broker,Seller_Broker,Quantity,Rate,Amount,Date
1,2019102101003360,PRVU,14,45,300,264,79200.00,2019-10-22 10:37:36.778753
2,2019102101003361,RBCL,37,40,10,8545,85450.00,2019-10-22 10:37:36.778753
3,2019102101003362,RBCL,37,52,10,8560,85600.00,2019-10-22 10:37:36.778753
4,2019102101003363,PRVU,52,45,300,264,79200.00,2019-10-22 10:37:36.778753
5,2019102101003364,SCB,34,35,40,542,21680.00,2019-10-22 10:37:36.778753
6,2019102101003365,SCB,26,35,20,542,10840.00,2019-10-22 10:37:36.778753
7,2019102101003366,SCB,36,35,50,542,27100.00,2019-10-22 10:37:36.778753
8,2019102101003367,SCB,34,35,10,541,5410.00,2019-10-22 10:37:36.778753
9,2019102101003368,SHIVM,28,6,1000,482,482000.00,2019-10-22 10:37:36.778753
10,2019102101003369,NCCB,33,48,50,199,9950.00,2019-10-22 10:37:36.778753
11,2019102101003370,PRVU,35,6,220,263,57860.00,2019-10-22 10:37:36.778753
12,2019102101003371,MLBL,4,56,1550,214,331700.00,2019-10-22 10:37:36.778753
13,2019102101003372,SICL,46,56,43,721,31003.00,2019-10-22 10:37:36.778753
14,2019102101003373,SINDU,34,46,63,121,7623.00,2019-10-22 10:37:36.778753
15,2019102101003374,AKBSL,14,41,20,412,8240.00,2019-10-22 10:37:36.778753
16,2019102101003375,AKBSL,14,46,10,415,4150.00,2019-10-22 10:37:36.778753
17,2019102101003376,AKBSL,14,28,10,415,4150.00,2019-10-22 10:37:36.778753
18,2019102101003377,AKBSL,14,32,10,415,4150.00,2019-10-22 10:37:36.778753
19,2019102101003378,AKBSL,14,42,10,415,4150.00,2019-10-22 10:37:36.778753
20,2019102101003379,AKBSL,14,57,50,415,20750.00,2019-10-22 10:37:36.778753
21,2019102101003380,AKBSL,14,32,10,415,4150.00,2019-10-22 10:37:36.778753
22,2019102101003381,MHNL,29,59,35,78,2730.00,2019-10-22 10:37:36.778753
23,2019102101003382,MEGA,43,37,282,194,54708.00,2019-10-22 10:37:36.778753
24,2019102101003383,MEGA,13,37,150,194,29100.00,2019-10-22 10:37:36.778753
25,2019102101003384,MERO,50,49,180,549,98820.00,2019-10-22 10:37:36.778753
26,2019102101003385,NIL,14,55,100,355,35500.00,2019-10-22 10:37:36.778753
27,2019102101003386,NIL,56,55,200,354,70800.00,2019-10-22 10:37:36.778753
28,2019102101003387,FOWAD,8,44,23,1271,29233.00,2019-10-22 10:37:36.778753
29,2019102101003388,CBBL,28,17,130,964,125320.00,2019-10-22 10:37:36.778753
30,2019102101003389,UPPER,44,34,350,236,82600.00,2019-10-22 10:37:36.778753
31,2019102101003390,MEGA,6,6,5,193,965.00,2019-10-22 10:37:36.778753
32,2019102101003391,SBI,6,3,40,403,16120.00,2019-10-22 10:37:36.778753
33,2019102101003392,PCBL,43,34,746,265,197690.00,2019-10-22 10:37:36.778753
34,2019102101003393,PCBL,52,34,36,265,9540.00,2019-10-22 10:37:36.778753
35,2019102101003394,PCBL,53,34,118,265,31270.00,2019-10-22 10:37:36.778753
36,2019102101003395,SCB,35,58,166,545,90470.00,2019-10-22 10:37:36.778753
37,2019102101003396,SCB,35,29,150,547,82050.00,2019-10-22 10:37:36.778753
38,2019102101003397,SCB,35,57,80,550,44000.00,2019-10-22 10:37:36.778753
39,2019102101003398,NBL,43,25,10,318,3180.00,2019-10-22 10:37:36.778753
40,2019102101003399,DBBL,29,7,970,125,121250.00,2019-10-22 10:37:36.778753
41,2019102101003400,SJCL,16,29,250,167,41750.00,2019-10-22 10:37:36.778753
42,2019102101003401,SHPC,16,1,10,196,1960.00,2019-10-22 10:37:36.778753
43,2019102101003402,BPCL,39,48,33,358,11814.00,2019-10-22 10:37:36.778753
44,2019102101003403,EBL,56,44,97,545,52865.00,2019-10-22 10:37:36.778753
45,2019102101003404,EBL,22,44,50,545,27250.00,2019-10-22 10:37:36.778753
46,2019102101003405,EBL,1,44,64,545,34880.00,2019-10-22 10:37:36.778753
47,2019102101003406,EBL,45,44,20,545,10900.00,2019-10-22 10:37:36.778753
48,2019102101003407,EBL,53,44,500,545,272500.00,2019-10-22 10:37:36.778753
49,2019102101003408,EBL,11,44,60,545,32700.00,2019-10-22 10:37:36.778753
50,2019102101003409,EBL,44,44,50,545,27250.00,2019-10-22 10:37:36.778753
51,2019102101003410,EBL,39,44,300,545,163500.00,2019-10-22 10:37:36.778753
52,2019102101003411,EBL,45,44,100,545,54500.00,2019-10-22 10:37:36.778753
53,2019102101003412,EBL,35,44,200,545,109000.00,2019-10-22 10:37:36.778753
54,2019102101003413,MERO,50,14,20,550,11000.00,2019-10-22 10:37:36.778753
55,2019102101003414,SLBBL,1,58,20,538,10760.00,2019-10-22 10:37:36.778753
56,2019102101003415,DDBL,39,22,50,722,36100.00,2019-10-22 10:37:36.778753
57,2019102101003416,ILBS,18,39,10,415,4150.00,2019-10-22 10:37:36.778753
58,2019102101003417,NIL,56,55,60,354,21240.00,2019-10-22 10:37:36.778753
59,2019102101003418,NIL,41,55,15,354,5310.00,2019-10-22 10:37:36.778753
60,2019102101003419,MEGA,44,37,111,194,21534.00,2019-10-22 10:37:36.778753
61,2019102101003420,SHL,39,36,177,208,36816.00,2019-10-22 10:37:36.778753
62,2019102101003421,SHL,39,58,137,208,28496.00,2019-10-22 10:37:36.778753
63,2019102101003422,ADBL,39,58,137,412,56444.00,2019-10-22 10:37:36.778753
64,2019102101003423,AKJCL,49,59,10,54,540.00,2019-10-22 10:37:36.778753
65,2019102101003424,SHIVM,48,47,10,485,4850.00,2019-10-22 10:37:36.778753
66,2019102101003425,BOKL,42,5,20,226,4520.00,2019-10-22 10:37:36.778753
67,2019102101003286,PIC,43,7,100,364,36400.00,2019-10-22 10:37:36.778753
68,2019102101003287,SCB,19,35,50,542,27100.00,2019-10-22 10:37:36.778753
69,2019102101003288,SCB,34,35,10,542,5420.00,2019-10-22 10:37:36.778753
70,2019102101003289,AHPC,28,28,500,94,47000.00,2019-10-22 10:37:36.778753
71,2019102101003290,DBBL,42,7,300,125,37500.00,2019-10-22 10:37:36.778753
72,2019102101003291,NCCB,44,58,20,198,3960.00,2019-10-22 10:37:36.778753
73,2019102101003292,PRIN,6,41,100,306,30600.00,2019-10-22 10:37:36.778753
74,2019102101003293,BPCL,39,21,100,358,35800.00,2019-10-22 10:37:36.778753
75,2019102101003294,NICA,53,25,73,384,28032.00,2019-10-22 10:37:36.778753
76,2019102101003295,NICA,53,22,427,384,163968.00,2019-10-22 10:37:36.778753
77,2019102101003296,HBL,43,34,200,490,98000.00,2019-10-22 10:37:36.778753
78,2019102101003297,LGIL,49,57,50,308,15400.00,2019-10-22 10:37:36.778753
79,2019102101003298,BOKL,42,5,1423,226,321598.00,2019-10-22 10:37:36.778753
80,2019102101003299,BOKL,11,5,200,226,45200.00,2019-10-22 10:37:36.778753
81,2019102101003300,BOKL,6,5,500,226,113000.00,2019-10-22 10:37:36.778753
82,2019102101003301,BOKL,35,5,300,226,67800.00,2019-10-22 10:37:36.778753
83,2019102101003302,BOKL,49,5,107,226,24182.00,2019-10-22 10:37:36.778753
84,2019102101003303,BOKL,32,5,100,225,22500.00,2019-10-22 10:37:36.778753
85,2019102101003304,BOKL,55,5,500,225,112500.00,2019-10-22 10:37:36.778753
86,2019102101003305,BOKL,42,5,210,225,47250.00,2019-10-22 10:37:36.778753
87,2019102101003306,BOKL,7,5,30,225,6750.00,2019-10-22 10:37:36.778753
88,2019102101003307,BOKL,7,5,100,225,22500.00,2019-10-22 10:37:36.778753
89,2019102101003308,BOKL,21,5,100,225,22500.00,2019-10-22 10:37:36.778753
90,2019102101003309,BOKL,57,5,111,225,24975.00,2019-10-22 10:37:36.778753
91,2019102101003310,BOKL,46,5,50,225,11250.00,2019-10-22 10:37:36.778753
92,2019102101003311,BOKL,44,5,200,225,45000.00,2019-10-22 10:37:36.778753
93,2019102101003312,BOKL,36,5,25,225,5625.00,2019-10-22 10:37:36.778753
94,2019102101003313,BOKL,6,5,1000,225,225000.00,2019-10-22 10:37:36.778753
95,2019102101003314,BOKL,11,5,50,224,11200.00,2019-10-22 10:37:36.778753
96,2019102101003315,BOKL,42,5,100,224,22400.00,2019-10-22 10:37:36.778753
97,2019102101003316,BOKL,32,5,288,224,64512.00,2019-10-22 10:37:36.778753
98,2019102101003317,BOKL,49,5,2000,224,448000.00,2019-10-22 10:37:36.778753
99,2019102101003318,BOKL,57,5,500,224,112000.00,2019-10-22 10:37:36.778753
100,2019102101003319,BOKL,21,5,200,224,44800.00,2019-10-22 10:37:36.778753
101,2019102101003320,BOKL,57,5,222,224,49728.00,2019-10-22 10:37:36.778753
102,2019102101003321,BOKL,19,5,200,224,44800.00,2019-10-22 10:37:36.778753
103,2019102101003322,BOKL,11,5,500,223,111500.00,2019-10-22 10:37:36.778753
104,2019102101003323,BOKL,39,5,500,223,111500.00,2019-10-22 10:37:36.778753
105,2019102101003324,BOKL,44,5,400,223,89200.00,2019-10-22 10:37:36.778753
106,2019102101003325,BOKL,6,5,100,223,22300.00,2019-10-22 10:37:36.778753
107,2019102101003326,BOKL,4,5,300,223,66900.00,2019-10-22 10:37:36.778753
108,2019102101003327,BOKL,35,5,100,223,22300.00,2019-10-22 10:37:36.778753
109,2019102101003328,BOKL,57,5,333,223,74259.00,2019-10-22 10:37:36.778753
110,2019102101003329,BOKL,44,5,251,222,55722.00,2019-10-22 10:37:36.778753
111,2019102101003330,SMB,21,47,10,413,4130.00,2019-10-22 10:37:36.778753
112,2019102101003331,SMB,21,53,10,414,4140.00,2019-10-22 10:37:36.778753
113,2019102101003332,NICL,53,56,10,259,2590.00,2019-10-22 10:37:36.778753
114,2019102101003333,NICL,14,56,20,259,5180.00,2019-10-22 10:37:36.778753
115,2019102101003334,NICL,39,56,50,258,12900.00,2019-10-22 10:37:36.778753
116,2019102101003335,NICL,37,56,100,258,25800.00,2019-10-22 10:37:36.778753
117,2019102101003336,NICL,42,56,40,258,10320.00,2019-10-22 10:37:36.778753
118,2019102101003337,NICL,44,56,500,258,129000.00,2019-10-22 10:37:36.778753
119,2019102101003338,NICL,28,56,100,257,25700.00,2019-10-22 10:37:36.778753
120,2019102101003339,NICL,11,56,84,257,21588.00,2019-10-22 10:37:36.778753
121,2019102101003340,GBLBS,59,59,5,309,1545.00,2019-10-22 10:37:36.778753
122,2019102101003341,EIC,58,14,17,221,3757.00,2019-10-22 10:37:36.778753
123,2019102101003342,LGIL,44,57,300,308,92400.00,2019-10-22 10:37:36.778753
124,2019102101003343,MBL,6,5,319,224,71456.00,2019-10-22 10:37:36.778753
125,2019102101003344,MBL,6,25,200,224,44800.00,2019-10-22 10:37:36.778753
126,2019102101003345,NICA,45,22,73,384,28032.00,2019-10-22 10:37:36.778753
127,2019102101003346,NICA,45,44,427,384,163968.00,2019-10-22 10:37:36.778753
128,2019102101003347,MEGA,32,33,432,194,83808.00,2019-10-22 10:37:36.778753
129,2019102101003348,MEGA,6,33,2000,194,388000.00,2019-10-22 10:37:36.778753
130,2019102101003349,MEGA,52,33,150,194,29100.00,2019-10-22 10:37:36.778753
131,2019102101003350,MEGA,43,33,418,194,81092.00,2019-10-22 10:37:36.778753
132,2019102101003351,KBL,58,35,100,181,18100.00,2019-10-22 10:37:36.778753
133,2019102101003352,MEGA,43,37,10,196,1960.00,2019-10-22 10:37:36.778753
134,2019102101003353,NLICL,34,44,120,455,54600.00,2019-10-22 10:37:36.778753
135,2019102101003354,BPCL,14,32,44,359,15796.00,2019-10-22 10:37:36.778753
136,2019102101003355,GLICL,17,26,200,357,71400.00,2019-10-22 10:37:36.778753
137,2019102101003356,PIC,6,29,89,365,32485.00,2019-10-22 10:37:36.778753
138,2019102101003357,LICN,25,59,10,980,9800.00,2019-10-22 10:37:36.778753
139,2019102101003358,NIB,6,6,6,440,2640.00,2019-10-22 10:37:36.778753
140,2019102101003359,CBL,43,51,10,142,1420.00,2019-10-22 10:37:36.778753
141,2019102101003232,PRVU,39,45,30,264,7920.00,2019-10-22 10:37:36.778753
142,2019102101003233,NABIL,58,58,50,756,37800.00,2019-10-22 10:37:36.778753
143,2019102101003234,PLIC,32,34,20,324,6480.00,2019-10-22 10:37:36.778753
144,2019102101003235,NLICL,29,49,20,451,9020.00,2019-10-22 10:37:36.778753
145,2019102101003236,NLICL,34,49,80,451,36080.00,2019-10-22 10:37:36.778753
146,2019102101003237,MSMBS,44,44,11,479,5269.00,2019-10-22 10:37:36.778753
147,2019102101003238,NICL,44,56,26,260,6760.00,2019-10-22 10:37:36.778753
148,2019102101003239,NLIC,21,55,70,777,54390.00,2019-10-22 10:37:36.778753
149,2019102101003240,PRVU,39,45,100,264,26400.00,2019-10-22 10:37:36.778753
150,2019102101003241,SANIMA,52,6,50,305,15250.00,2019-10-22 10:37:36.778753
151,2019102101003242,SANIMA,54,6,140,305,42700.00,2019-10-22 10:37:36.778753
152,2019102101003243,PIC,43,29,400,364,145600.00,2019-10-22 10:37:36.778753
153,2019102101003244,HBL,44,41,70,488,34160.00,2019-10-22 10:37:36.778753
154,2019102101003245,SLICL,13,44,20,260,5200.00,2019-10-22 10:37:36.778753
155,2019102101003246,BFC,8,52,50,90,4500.00,2019-10-22 10:37:36.778753
156,2019102101003247,BFC,42,52,100,90,9000.00,2019-10-22 10:37:36.778753
157,2019102101003248,BFC,14,52,600,90,54000.00,2019-10-22 10:37:36.778753
158,2019102101003249,BFC,34,52,39,90,3510.00,2019-10-22 10:37:36.778753
159,2019102101003250,MLBL,36,56,19,214,4066.00,2019-10-22 10:37:36.778753
160,2019102101003251,SKBBL,5,5,240,925,222000.00,2019-10-22 10:37:36.778753
161,2019102101003252,EBL,22,44,100,546,54600.00,2019-10-22 10:37:36.778753
162,2019102101003253,SCB,6,35,10,542,5420.00,2019-10-22 10:37:36.778753
163,2019102101003254,SCB,26,35,10,542,5420.00,2019-10-22 10:37:36.778753
164,2019102101003255,SCB,41,35,20,541,10820.00,2019-10-22 10:37:36.778753
165,2019102101003256,SCB,52,35,20,541,10820.00,2019-10-22 10:37:36.778753
166,2019102101003257,SCB,34,35,25,541,13525.00,2019-10-22 10:37:36.778753
167,2019102101003258,NABIL,32,58,10,758,7580.00,2019-10-22 10:37:36.778753
168,2019102101003259,SBI,6,3,30,403,12090.00,2019-10-22 10:37:36.778753
169,2019102101003260,SBL,6,6,150,291,43650.00,2019-10-22 10:37:36.778753
170,2019102101003261,SIL,25,33,10,374,3740.00,2019-10-22 10:37:36.778753
171,2019102101003262,LICN,54,59,10,976,9760.00,2019-10-22 10:37:36.778753
172,2019102101003263,LICN,39,59,10,975,9750.00,2019-10-22 10:37:36.778753
173,2019102101003264,LICN,29,59,100,974,97400.00,2019-10-22 10:37:36.778753
174,2019102101003265,LICN,16,59,100,972,97200.00,2019-10-22 10:37:36.778753
175,2019102101003266,LICN,42,59,10,970,9700.00,2019-10-22 10:37:36.778753
176,2019102101003267,LICN,42,59,10,970,9700.00,2019-10-22 10:37:36.778753
177,2019102101003268,LICN,42,59,10,970,9700.00,2019-10-22 10:37:36.778753
178,2019102101003269,LICN,20,59,38,970,36860.00,2019-10-22 10:37:36.778753
179,2019102101003270,LICN,39,59,300,969,290700.00,2019-10-22 10:37:36.778753
180,2019102101003271,SCB,28,29,100,547,54700.00,2019-10-22 10:37:36.778753
181,2019102101003272,MBL,57,5,321,224,71904.00,2019-10-22 10:37:36.778753
182,2019102101003273,NLIC,4,7,150,776,116400.00,2019-10-22 10:37:36.778753
183,2019102101003274,EBL,32,44,790,546,431340.00,2019-10-22 10:37:36.778753
184,2019102101003275,PRVU,49,45,50,264,13200.00,2019-10-22 10:37:36.778753
185,2019102101003276,SBL,6,41,600,291,174600.00,2019-10-22 10:37:36.778753
186,2019102101003277,CZBIL,37,55,100,192,19200.00,2019-10-22 10:37:36.778753
187,2019102101003278,CZBIL,57,55,50,192,9600.00,2019-10-22 10:37:36.778753
188,2019102101003279,CZBIL,41,55,100,192,19200.00,2019-10-22 10:37:36.778753
189,2019102101003280,CZBIL,35,55,30,192,5760.00,2019-10-22 10:37:36.778753
190,2019102101003281,CZBIL,6,55,220,192,42240.00,2019-10-22 10:37:36.778753
191,2019102101003282,MHNL,37,59,10,79,790.00,2019-10-22 10:37:36.778753
192,2019102101003283,MHNL,29,59,955,78,74490.00,2019-10-22 10:37:36.778753
193,2019102101003284,MHNL,29,59,1000,78,78000.00,2019-10-22 10:37:36.778753
194,2019102101003285,DBBL,25,7,150,125,18750.00,2019-10-22 10:37:36.778753
195,2019102101003199,SCB,1,42,20,541,10820.00,2019-10-22 10:37:36.778753
196,2019102101003200,HDL,58,39,10,1415,14150.00,2019-10-22 10:37:36.778753
197,2019102101003201,HDL,50,39,50,1410,70500.00,2019-10-22 10:37:36.778753
198,2019102101003202,HDL,52,39,25,1410,35250.00,2019-10-22 10:37:36.778753
199,2019102101003203,HDL,25,39,50,1407,70350.00,2019-10-22 10:37:36.778753
200,2019102101003204,HDL,34,39,30,1403,42090.00,2019-10-22 10:37:36.778753
201,2019102101003205,HDL,35,39,50,1403,70150.00,2019-10-22 10:37:36.778753
202,2019102101003206,HDL,49,39,50,1402,70100.00,2019-10-22 10:37:36.778753
203,2019102101003207,HDL,40,39,15,1402,21030.00,2019-10-22 10:37:36.778753
204,2019102101003208,SCB,6,16,94,542,50948.00,2019-10-22 10:37:36.778753
205,2019102101003209,API,25,41,30,111,3330.00,2019-10-22 10:37:36.778753
206,2019102101003210,PRVU,39,45,100,264,26400.00,2019-10-22 10:37:36.778753
207,2019102101003211,PRVU,28,45,1000,264,264000.00,2019-10-22 10:37:36.778753
208,2019102101003212,NIB,52,37,59,442,26078.00,2019-10-22 10:37:36.778753
209,2019102101003213,RHPC,39,49,102,78,7956.00,2019-10-22 10:37:36.778753
210,2019102101003214,RHPC,39,16,19,78,1482.00,2019-10-22 10:37:36.778753
211,2019102101003215,MEGA,41,50,1000,195,195000.00,2019-10-22 10:37:36.778753
212,2019102101003216,UPPER,41,32,40,235,9400.00,2019-10-22 10:37:36.778753
213,2019102101003217,NBB,25,7,675,210,141750.00,2019-10-22 10:37:36.778753
214,2019102101003218,SCB,6,29,50,547,27350.00,2019-10-22 10:37:36.778753
215,2019102101003219,SBI,6,3,50,403,20150.00,2019-10-22 10:37:36.778753
216,2019102101003220,PRVU,39,45,100,264,26400.00,2019-10-22 10:37:36.778753
217,2019102101003221,EBL,52,44,50,546,27300.00,2019-10-22 10:37:36.778753
218,2019102101003222,EBL,29,44,60,546,32760.00,2019-10-22 10:37:36.778753
219,2019102101003223,DBBL,51,7,30,125,3750.00,2019-10-22 10:37:36.778753
220,2019102101003224,LBL,45,49,100,214,21400.00,2019-10-22 10:37:36.778753
221,2019102101003225,NIB,56,49,179,443,79297.00,2019-10-22 10:37:36.778753
222,2019102101003226,NIB,56,7,321,443,142203.00,2019-10-22 10:37:36.778753
223,2019102101003227,RHPC,39,48,200,79,15800.00,2019-10-22 10:37:36.778753
224,2019102101003228,PLIC,32,1,30,321,9630.00,2019-10-22 10:37:36.778753
225,2019102101003229,NLIC,4,22,100,776,77600.00,2019-10-22 10:37:36.778753
226,2019102101003230,PRVU,39,45,100,264,26400.00,2019-10-22 10:37:36.778753
227,2019102101003231,VLBS,37,37,13,547,7111.00,2019-10-22 10:37:36.778753
228,2019102101003162,SJCL,16,44,20,167,3340.00,2019-10-22 10:37:36.778753
229,2019102101003163,PIC,43,6,400,364,145600.00,2019-10-22 10:37:36.778753
230,2019102101003164,SBL,6,13,500,293,146500.00,2019-10-22 10:37:36.778753
231,2019102101003165,API,25,51,50,110,5500.00,2019-10-22 10:37:36.778753
232,2019102101003166,RADHI,52,44,10,136,1360.00,2019-10-22 10:37:36.778753
233,2019102101003167,SIC,6,6,50,491,24550.00,2019-10-22 10:37:36.778753
234,2019102101003168,NMFBS,21,37,20,1681,33620.00,2019-10-22 10:37:36.778753
235,2019102101003169,NMFBS,34,37,60,1680,100800.00,2019-10-22 10:37:36.778753
236,2019102101003170,PRVU,35,17,225,263,59175.00,2019-10-22 10:37:36.778753
237,2019102101003171,KBL,58,34,300,181,54300.00,2019-10-22 10:37:36.778753
238,2019102101003172,SCB,34,44,20,545,10900.00,2019-10-22 10:37:36.778753
239,2019102101003173,CBL,45,48,18,141,2538.00,2019-10-22 10:37:36.778753
240,2019102101003174,CBL,22,48,100,141,14100.00,2019-10-22 10:37:36.778753
241,2019102101003175,CBL,7,48,487,141,68667.00,2019-10-22 10:37:36.778753
242,2019102101003176,ICFC,28,33,120,158,18960.00,2019-10-22 10:37:36.778753
243,2019102101003177,KBL,43,44,60,182,10920.00,2019-10-22 10:37:36.778753
244,2019102101003178,KBL,43,33,500,182,91000.00,2019-10-22 10:37:36.778753
245,2019102101003179,KBL,43,45,500,182,91000.00,2019-10-22 10:37:36.778753
246,2019102101003180,KBL,43,51,995,182,181090.00,2019-10-22 10:37:36.778753
247,2019102101003181,KBL,43,3,150,182,27300.00,2019-10-22 10:37:36.778753
248,2019102101003182,KBL,43,45,200,182,36400.00,2019-10-22 10:37:36.778753
249,2019102101003183,ADBL,13,59,500,411,205500.00,2019-10-22 10:37:36.778753
250,2019102101003184,ADBL,45,59,500,411,205500.00,2019-10-22 10:37:36.778753
251,2019102101003185,RBCL,18,49,10,8300,83000.00,2019-10-22 10:37:36.778753
252,2019102101003186,RBCL,18,25,10,8500,85000.00,2019-10-22 10:37:36.778753
253,2019102101003187,PRVU,39,43,47,264,12408.00,2019-10-22 10:37:36.778753
254,2019102101003188,PRVU,39,45,103,264,27192.00,2019-10-22 10:37:36.778753
255,2019102101003189,FOWAD,28,44,10,1280,12800.00,2019-10-22 10:37:36.778753
256,2019102101003190,SCB,34,16,10,545,5450.00,2019-10-22 10:37:36.778753
257,2019102101003191,SCB,22,16,10,545,5450.00,2019-10-22 10:37:36.778753
258,2019102101003192,SCB,42,16,10,543,5430.00,2019-10-22 10:37:36.778753
259,2019102101003193,SCB,34,16,26,542,14092.00,2019-10-22 10:37:36.778753
260,2019102101003194,SCB,34,16,50,542,27100.00,2019-10-22 10:37:36.778753
261,2019102101003195,SANIMA,49,44,100,306,30600.00,2019-10-22 10:37:36.778753
262,2019102101003196,GLICL,52,25,13,358,4654.00,2019-10-22 10:37:36.778753
263,2019102101003197,SMFBS,35,32,10,780,7800.00,2019-10-22 10:37:36.778753
264,2019102101003198,NLIC,49,55,50,777,38850.00,2019-10-22 10:37:36.778753
265,2019102101003129,NABIL,38,59,140,759,106260.00,2019-10-22 10:37:36.778753
266,2019102101003130,NABIL,38,52,200,759,151800.00,2019-10-22 10:37:36.778753
267,2019102101003131,RHPL,16,34,10,165,1650.00,2019-10-22 10:37:36.778753
268,2019102101003132,BOKL,42,41,536,226,121136.00,2019-10-22 10:37:36.778753
269,2019102101003133,UPPER,41,32,50,235,11750.00,2019-10-22 10:37:36.778753
270,2019102101003134,SCB,5,22,50,547,27350.00,2019-10-22 10:37:36.778753
271,2019102101003135,SCB,42,22,200,546,109200.00,2019-10-22 10:37:36.778753
272,2019102101003136,MEGA,14,33,2000,195,390000.00,2019-10-22 10:37:36.778753
273,2019102101003137,RHPL,19,58,40,166,6640.00,2019-10-22 10:37:36.778753
274,2019102101003138,NBB,6,33,150,211,31650.00,2019-10-22 10:37:36.778753
275,2019102101003139,NBB,56,50,188,210,39480.00,2019-10-22 10:37:36.778753
276,2019102101003140,NBB,25,50,812,210,170520.00,2019-10-22 10:37:36.778753
277,2019102101003141,EIC,13,50,20,220,4400.00,2019-10-22 10:37:36.778753
278,2019102101003142,EIC,58,50,43,219,9417.00,2019-10-22 10:37:36.778753
279,2019102101003143,EIC,35,50,300,218,65400.00,2019-10-22 10:37:36.778753
280,2019102101003144,EIC,57,50,20,218,4360.00,2019-10-22 10:37:36.778753
281,2019102101003145,EIC,3,50,40,218,8720.00,2019-10-22 10:37:36.778753
282,2019102101003146,EIC,42,50,40,218,8720.00,2019-10-22 10:37:36.778753
283,2019102101003147,ADBL,28,58,150,413,61950.00,2019-10-22 10:37:36.778753
284,2019102101003148,FMDBL,41,41,1000,312,312000.00,2019-10-22 10:37:36.778753
285,2019102101003149,SCB,34,32,20,545,10900.00,2019-10-22 10:37:36.778753
286,2019102101003150,RHPL,19,58,120,166,19920.00,2019-10-22 10:37:36.778753
287,2019102101003151,RHPL,19,43,40,166,6640.00,2019-10-22 10:37:36.778753
288,2019102101003152,RHPL,19,44,200,166,33200.00,2019-10-22 10:37:36.778753
289,2019102101003153,NABIL,14,57,40,755,30200.00,2019-10-22 10:37:36.778753
290,2019102101003154,VLBS,45,14,80,551,44080.00,2019-10-22 10:37:36.778753
291,2019102101003155,EIC,59,14,150,217,32550.00,2019-10-22 10:37:36.778753
292,2019102101003156,RHPL,16,44,40,165,6600.00,2019-10-22 10:37:36.778753
293,2019102101003157,HBL,44,34,180,488,87840.00,2019-10-22 10:37:36.778753
294,2019102101003158,ADBL,52,58,58,412,23896.00,2019-10-22 10:37:36.778753
295,2019102101003159,ADBL,56,58,200,412,82400.00,2019-10-22 10:37:36.778753
296,2019102101003160,PRVU,39,43,100,264,26400.00,2019-10-22 10:37:36.778753
297,2019102101003161,SLICL,35,41,28,259,7252.00,2019-10-22 10:37:36.778753
298,2019102101003113,ADBL,6,58,458,412,188696.00,2019-10-22 10:37:36.778753
299,2019102101003114,ADBL,52,58,42,412,17304.00,2019-10-22 10:37:36.778753
300,2019102101003115,CCBL,44,44,5,150,750.00,2019-10-22 10:37:36.778753
301,2019102101003116,CZBIL,16,50,7,190,1330.00,2019-10-22 10:37:36.778753
302,2019102101003117,SABSL,17,47,10,449,4490.00,2019-10-22 10:37:36.778753
303,2019102101003118,SABSL,17,18,10,450,4500.00,2019-10-22 10:37:36.778753
304,2019102101003119,MSLB,18,7,80,870,69600.00,2019-10-22 10:37:36.778753
305,2019102101003120,NMFBS,28,37,20,1695,33900.00,2019-10-22 10:37:36.778753
306,2019102101003121,RHPL,16,32,40,165,6600.00,2019-10-22 10:37:36.778753
307,2019102101003122,NLIC,4,41,80,776,62080.00,2019-10-22 10:37:36.778753
308,2019102101003123,SKBBL,28,4,11,920,10120.00,2019-10-22 10:37:36.778753
309,2019102101003124,SLBBL,28,58,20,543,10860.00,2019-10-22 10:37:36.778753
310,2019102101003125,NIB,52,7,17,442,7514.00,2019-10-22 10:37:36.778753
311,2019102101003126,RHPL,19,58,50,166,8300.00,2019-10-22 10:37:36.778753
312,2019102101003127,KBL,58,44,28,181,5068.00,2019-10-22 10:37:36.778753
313,2019102101003128,PRVU,47,43,500,264,132000.00,2019-10-22 10:37:36.778753
314,2019102101003083,SCB,35,22,126,547,68922.00,2019-10-22 10:37:36.778753
315,2019102101003084,SCB,35,57,10,550,5500.00,2019-10-22 10:37:36.778753
316,2019102101003085,VLBS,37,41,12,547,6564.00,2019-10-22 10:37:36.778753
317,2019102101003086,NUBL,28,45,20,869,17380.00,2019-10-22 10:37:36.778753
318,2019102101003087,RHPL,16,55,30,165,4950.00,2019-10-22 10:37:36.778753
319,2019102101003088,UPPER,41,22,350,236,82600.00,2019-10-22 10:37:36.778753
320,2019102101003089,UPPER,41,50,500,236,118000.00,2019-10-22 10:37:36.778753
321,2019102101003090,LBL,19,22,93,214,19902.00,2019-10-22 10:37:36.778753
322,2019102101003091,LBL,38,22,378,214,80892.00,2019-10-22 10:37:36.778753
323,2019102101003092,LBL,45,22,29,214,6206.00,2019-10-22 10:37:36.778753
324,2019102101003093,NTC,17,19,100,620,62000.00,2019-10-22 10:37:36.778753
325,2019102101003094,PRVU,17,43,145,264,38280.00,2019-10-22 10:37:36.778753
326,2019102101003095,SBI,6,3,30,403,12090.00,2019-10-22 10:37:36.778753
327,2019102101003096,BFC,57,52,100,91,9100.00,2019-10-22 10:37:36.778753
328,2019102101003097,CBL,34,50,28,141,3948.00,2019-10-22 10:37:36.778753
329,2019102101003098,CBL,41,50,40,141,5640.00,2019-10-22 10:37:36.778753
330,2019102101003099,CBL,46,50,200,141,28200.00,2019-10-22 10:37:36.778753
331,2019102101003100,CBL,38,50,500,141,70500.00,2019-10-22 10:37:36.778753
332,2019102101003101,CBL,58,50,150,141,21150.00,2019-10-22 10:37:36.778753
333,2019102101003102,CBL,39,50,1000,141,141000.00,2019-10-22 10:37:36.778753
334,2019102101003103,CBL,35,50,50,141,7050.00,2019-10-22 10:37:36.778753
335,2019102101003104,CBL,42,50,200,141,28200.00,2019-10-22 10:37:36.778753
336,2019102101003105,CBL,21,50,150,141,21150.00,2019-10-22 10:37:36.778753
337,2019102101003106,CBL,11,50,100,141,14100.00,2019-10-22 10:37:36.778753
338,2019102101003107,CBL,45,50,82,141,11562.00,2019-10-22 10:37:36.778753
339,2019102101003108,BPCL,39,43,60,358,21480.00,2019-10-22 10:37:36.778753
340,2019102101003109,KBL,58,38,400,181,72400.00,2019-10-22 10:37:36.778753
341,2019102101003110,NLIC,34,49,100,778,77800.00,2019-10-22 10:37:36.778753
342,2019102101003111,SBL,38,56,200,292,58400.00,2019-10-22 10:37:36.778753
343,2019102101003112,SJCL,35,22,10,168,1680.00,2019-10-22 10:37:36.778753
344,2019102101003055,ADBL,39,58,50,413,20650.00,2019-10-22 10:37:36.778753
345,2019102101003056,EBL,52,32,50,546,27300.00,2019-10-22 10:37:36.778753
346,2019102101003057,SJCL,16,39,20,167,3340.00,2019-10-22 10:37:36.778753
347,2019102101003058,SINDU,26,46,200,122,24400.00,2019-10-22 10:37:36.778753
348,2019102101003059,SINDU,56,46,17,121,2057.00,2019-10-22 10:37:36.778753
349,2019102101003060,SINDU,22,46,200,121,24200.00,2019-10-22 10:37:36.778753
350,2019102101003061,SINDU,57,46,20,121,2420.00,2019-10-22 10:37:36.778753
351,2019102101003062,FOWAD,28,44,10,1280,12800.00,2019-10-22 10:37:36.778753
352,2019102101003063,SKBBL,42,22,62,917,56854.00,2019-10-22 10:37:36.778753
353,2019102101003064,NLIC,38,38,71,777,55167.00,2019-10-22 10:37:36.778753
354,2019102101003065,NLIC,38,6,200,777,155400.00,2019-10-22 10:37:36.778753
355,2019102101003066,NLIC,38,49,229,778,178162.00,2019-10-22 10:37:36.778753
356,2019102101003067,NLICL,39,59,300,451,135300.00,2019-10-22 10:37:36.778753
357,2019102101003068,RHPL,16,39,20,165,3300.00,2019-10-22 10:37:36.778753
358,2019102101003069,HPPL,45,42,110,139,15290.00,2019-10-22 10:37:36.778753
359,2019102101003070,SANIMA,6,44,150,306,45900.00,2019-10-22 10:37:36.778753
360,2019102101003071,SPARS,38,7,40,521,20840.00,2019-10-22 10:37:36.778753
361,2019102101003072,SPARS,45,7,50,520,26000.00,2019-10-22 10:37:36.778753
362,2019102101003073,SPARS,39,7,110,518,56980.00,2019-10-22 10:37:36.778753
363,2019102101003074,NMBMF,46,39,10,1075,10750.00,2019-10-22 10:37:36.778753
364,2019102101003075,SCB,35,57,10,550,5500.00,2019-10-22 10:37:36.778753
365,2019102101003076,LGIL,57,57,50,308,15400.00,2019-10-22 10:37:36.778753
366,2019102101003077,SHIVM,3,38,25,481,12025.00,2019-10-22 10:37:36.778753
367,2019102101003078,SHIVM,55,38,345,481,165945.00,2019-10-22 10:37:36.778753
368,2019102101003079,SICL,58,56,500,720,360000.00,2019-10-22 10:37:36.778753
369,2019102101003080,NGPL,39,42,68,98,6664.00,2019-10-22 10:37:36.778753
370,2019102101003081,NGPL,1,42,32,98,3136.00,2019-10-22 10:37:36.778753
371,2019102101003082,RHPL,16,48,10,165,1650.00,2019-10-22 10:37:36.778753
372,2019102101003025,SCB,35,57,10,549,5490.00,2019-10-22 10:37:36.778753
373,2019102101003026,SCB,35,42,100,549,54900.00,2019-10-22 10:37:36.778753
374,2019102101003027,ADBL,39,58,100,413,41300.00,2019-10-22 10:37:36.778753
375,2019102101003028,SKBBL,53,57,57,914,52098.00,2019-10-22 10:37:36.778753
376,2019102101003029,UPPER,41,17,50,235,11750.00,2019-10-22 10:37:36.778753
377,2019102101003030,DBBL,33,7,1000,125,125000.00,2019-10-22 10:37:36.778753
378,2019102101003031,SAPDBL,52,46,100,120,12000.00,2019-10-22 10:37:36.778753
379,2019102101003032,SAPDBL,45,46,350,119,41650.00,2019-10-22 10:37:36.778753
380,2019102101003033,NTC,42,42,50,619,30950.00,2019-10-22 10:37:36.778753
381,2019102101003034,NTC,54,42,315,618,194670.00,2019-10-22 10:37:36.778753
382,2019102101003035,CBL,37,39,230,142,32660.00,2019-10-22 10:37:36.778753
383,2019102101003036,CBL,37,51,770,142,109340.00,2019-10-22 10:37:36.778753
384,2019102101003037,GLBSL,32,7,100,418,41800.00,2019-10-22 10:37:36.778753
385,2019102101003038,RHPL,16,55,20,165,3300.00,2019-10-22 10:37:36.778753
386,2019102101003039,UPPER,41,39,50,235,11750.00,2019-10-22 10:37:36.778753
387,2019102101003040,MEGA,52,33,1000,195,195000.00,2019-10-22 10:37:36.778753
388,2019102101003041,MEGA,52,33,1000,195,195000.00,2019-10-22 10:37:36.778753
389,2019102101003042,CBBL,42,17,100,964,96400.00,2019-10-22 10:37:36.778753
390,2019102101003043,SCB,51,22,90,546,49140.00,2019-10-22 10:37:36.778753
391,2019102101003044,SCB,44,22,86,545,46870.00,2019-10-22 10:37:36.778753
392,2019102101003045,SCB,41,22,30,545,16350.00,2019-10-22 10:37:36.778753
393,2019102101003046,SCB,34,22,200,543,108600.00,2019-10-22 10:37:36.778753
394,2019102101003047,SCB,40,22,20,542,10840.00,2019-10-22 10:37:36.778753
395,2019102101003048,SCB,34,22,74,542,40108.00,2019-10-22 10:37:36.778753
396,2019102101003049,NABIL,52,58,20,757,15140.00,2019-10-22 10:37:36.778753
397,2019102101003050,NABIL,56,58,160,756,120960.00,2019-10-22 10:37:36.778753
398,2019102101003051,NABIL,43,58,500,756,378000.00,2019-10-22 10:37:36.778753
399,2019102101003052,NABIL,14,58,20,755,15100.00,2019-10-22 10:37:36.778753
400,2019102101003053,CCBL,52,14,523,153,80019.00,2019-10-22 10:37:36.778753
401,2019102101003054,CCBL,44,14,51,153,7803.00,2019-10-22 10:37:36.778753
402,2019102101002996,CCBL,52,7,69,153,10557.00,2019-10-22 10:37:36.778753
403,2019102101002997,SCB,35,17,80,548,43840.00,2019-10-22 10:37:36.778753
404,2019102101002998,CHL,58,45,10,80,800.00,2019-10-22 10:37:36.778753
405,2019102101002999,CHL,58,52,48,80,3840.00,2019-10-22 10:37:36.778753
406,2019102101003000,NBL,32,32,100,316,31600.00,2019-10-22 10:37:36.778753
407,2019102101003001,DBBL,42,17,159,124,19716.00,2019-10-22 10:37:36.778753
408,2019102101003002,DBBL,21,17,50,124,6200.00,2019-10-22 10:37:36.778753
409,2019102101003003,DBBL,45,17,200,124,24800.00,2019-10-22 10:37:36.778753
410,2019102101003004,DBBL,44,17,359,124,44516.00,2019-10-22 10:37:36.778753
411,2019102101003005,NTC,56,19,80,620,49600.00,2019-10-22 10:37:36.778753
412,2019102101003006,NLIC,4,49,200,776,155200.00,2019-10-22 10:37:36.778753
413,2019102101003007,MSLB,39,10,100,862,86200.00,2019-10-22 10:37:36.778753
414,2019102101003008,PRVU,39,43,50,264,13200.00,2019-10-22 10:37:36.778753
415,2019102101003009,SJCL,35,22,10,168,1680.00,2019-10-22 10:37:36.778753
416,2019102101003010,SJCL,16,17,10,167,1670.00,2019-10-22 10:37:36.778753
417,2019102101003011,HIDCL,54,7,31,137,4247.00,2019-10-22 10:37:36.778753
418,2019102101003012,KBL,58,17,209,181,37829.00,2019-10-22 10:37:36.778753
419,2019102101003013,SJCL,16,48,10,167,1670.00,2019-10-22 10:37:36.778753
420,2019102101003014,SJCL,16,44,20,167,3340.00,2019-10-22 10:37:36.778753
421,2019102101003015,KBL,58,50,501,181,90681.00,2019-10-22 10:37:36.778753
422,2019102101003016,KBL,58,50,449,181,81269.00,2019-10-22 10:37:36.778753
423,2019102101003017,SCB,35,57,100,549,54900.00,2019-10-22 10:37:36.778753
424,2019102101003018,RHPL,16,55,30,165,4950.00,2019-10-22 10:37:36.778753
425,2019102101003019,MEGA,32,7,68,194,13192.00,2019-10-22 10:37:36.778753
426,2019102101003020,ADBL,39,58,100,413,41300.00,2019-10-22 10:37:36.778753
427,2019102101003021,MNBBL,33,44,507,306,155142.00,2019-10-22 10:37:36.778753
428,2019102101003022,NIB,5,7,44,443,19492.00,2019-10-22 10:37:36.778753
429,2019102101003023,PCBL,21,17,60,267,16020.00,2019-10-22 10:37:36.778753
430,2019102101003024,PCBL,43,17,169,265,44785.00,2019-10-22 10:37:36.778753
431,2019102101002970,CHL,58,44,10,79,790.00,2019-10-22 10:37:36.778753
432,2019102101002971,PRVU,39,45,50,264,13200.00,2019-10-22 10:37:36.778753
433,2019102101002972,SIL,56,44,327,369,120663.00,2019-10-22 10:37:36.778753
434,2019102101002973,EBL,7,32,250,546,136500.00,2019-10-22 10:37:36.778753
435,2019102101002974,SJCL,16,42,20,167,3340.00,2019-10-22 10:37:36.778753
436,2019102101002975,RHPL,16,55,20,165,3300.00,2019-10-22 10:37:36.778753
437,2019102101002976,IGI,13,28,130,290,37700.00,2019-10-22 10:37:36.778753
438,2019102101002977,PRVU,39,45,17,264,4488.00,2019-10-22 10:37:36.778753
439,2019102101002978,PRVU,39,43,33,264,8712.00,2019-10-22 10:37:36.778753
440,2019102101002979,RHPL,16,42,40,165,6600.00,2019-10-22 10:37:36.778753
441,2019102101002980,SJCL,16,42,20,167,3340.00,2019-10-22 10:37:36.778753
442,2019102101002981,PRVU,39,43,50,264,13200.00,2019-10-22 10:37:36.778753
443,2019102101002982,SCB,22,7,100,547,54700.00,2019-10-22 10:37:36.778753
444,2019102101002983,SCB,19,7,40,546,21840.00,2019-10-22 10:37:36.778753
445,2019102101002984,SCB,17,7,100,546,54600.00,2019-10-22 10:37:36.778753
446,2019102101002985,SCB,51,7,10,546,5460.00,2019-10-22 10:37:36.778753
447,2019102101002986,API,55,7,18,108,1944.00,2019-10-22 10:37:36.778753
448,2019102101002987,PRVU,57,43,25,264,6600.00,2019-10-22 10:37:36.778753
449,2019102101002988,SLICL,6,44,100,260,26000.00,2019-10-22 10:37:36.778753
450,2019102101002989,CBL,58,39,50,142,7100.00,2019-10-22 10:37:36.778753
451,2019102101002990,RHPL,16,17,10,165,1650.00,2019-10-22 10:37:36.778753
452,2019102101002991,PRVU,39,43,50,264,13200.00,2019-10-22 10:37:36.778753
453,2019102101002992,LLBS,18,17,400,655,262000.00,2019-10-22 10:37:36.778753
454,2019102101002993,NTC,56,46,300,620,186000.00,2019-10-22 10:37:36.778753
455,2019102101002994,RHPL,16,44,40,165,6600.00,2019-10-22 10:37:36.778753
456,2019102101002995,RHPL,16,55,30,165,4950.00,2019-10-22 10:37:36.778753
457,2019102101002935,HIDCL,54,7,60,137,8220.00,2019-10-22 10:37:36.778753
458,2019102101002936,KRBL,22,48,100,102,10200.00,2019-10-22 10:37:36.778753
459,2019102101002937,KRBL,22,48,100,101,10100.00,2019-10-22 10:37:36.778753
460,2019102101002938,RHPL,16,41,20,165,3300.00,2019-10-22 10:37:36.778753
461,2019102101002939,RHPL,16,35,500,165,82500.00,2019-10-22 10:37:36.778753
462,2019102101002940,KBL,42,50,50,182,9100.00,2019-10-22 10:37:36.778753
463,2019102101002941,NICL,29,56,26,260,6760.00,2019-10-22 10:37:36.778753
464,2019102101002942,NICL,44,56,10,260,2600.00,2019-10-22 10:37:36.778753
465,2019102101002943,NICA,56,21,500,384,192000.00,2019-10-22 10:37:36.778753
466,2019102101002944,NICA,11,21,197,383,75451.00,2019-10-22 10:37:36.778753
467,2019102101002945,NICA,45,21,303,383,116049.00,2019-10-22 10:37:36.778753
468,2019102101002946,RHPL,16,17,10,165,1650.00,2019-10-22 10:37:36.778753
469,2019102101002947,MNBBL,44,44,36,306,11016.00,2019-10-22 10:37:36.778753
470,2019102101002948,MNBBL,34,44,10,306,3060.00,2019-10-22 10:37:36.778753
471,2019102101002949,MNBBL,40,44,150,306,45900.00,2019-10-22 10:37:36.778753
472,2019102101002950,NMBMF,32,1,25,1077,26925.00,2019-10-22 10:37:36.778753
473,2019102101002951,NMBMF,34,1,50,1076,53800.00,2019-10-22 10:37:36.778753
474,2019102101002952,NMBMF,7,1,10,1075,10750.00,2019-10-22 10:37:36.778753
475,2019102101002953,NMBMF,21,1,20,1073,21460.00,2019-10-22 10:37:36.778753
476,2019102101002954,NMBMF,50,1,95,1072,101840.00,2019-10-22 10:37:36.778753
477,2019102101002955,PRVU,39,45,150,264,39600.00,2019-10-22 10:37:36.778753
478,2019102101002956,SCB,19,34,150,546,81900.00,2019-10-22 10:37:36.778753
479,2019102101002957,RHPL,16,55,30,165,4950.00,2019-10-22 10:37:36.778753
480,2019102101002958,MLBL,4,35,7881,213,1678653.00,2019-10-22 10:37:36.778753
481,2019102101002959,MNBBL,42,44,50,306,15300.00,2019-10-22 10:37:36.778753
482,2019102101002960,CCBL,58,14,50,154,7700.00,2019-10-22 10:37:36.778753
483,2019102101002961,NIL,6,55,200,355,71000.00,2019-10-22 10:37:36.778753
484,2019102101002962,NIL,6,44,800,355,284000.00,2019-10-22 10:37:36.778753
485,2019102101002963,NCCB,56,48,30,199,5970.00,2019-10-22 10:37:36.778753
486,2019102101002964,PRVU,39,45,100,264,26400.00,2019-10-22 10:37:36.778753
487,2019102101002965,SCB,52,17,20,548,10960.00,2019-10-22 10:37:36.778753
488,2019102101002966,HPPL,45,44,30,139,4170.00,2019-10-22 10:37:36.778753
489,2019102101002967,MLBL,17,47,200,213,42600.00,2019-10-22 10:37:36.778753
490,2019102101002968,SJCL,16,17,10,167,1670.00,2019-10-22 10:37:36.778753
491,2019102101002969,RHPL,16,42,40,165,6600.00,2019-10-22 10:37:36.778753
492,2019102101002912,API,55,7,18,108,1944.00,2019-10-22 10:37:36.778753
493,2019102101002913,GRDBL,35,49,50,103,5150.00,2019-10-22 10:37:36.778753
494,2019102101002914,SCB,19,35,10,546,5460.00,2019-10-22 10:37:36.778753
495,2019102101002915,NLIC,41,38,50,777,38850.00,2019-10-22 10:37:36.778753
496,2019102101002916,CCBL,52,7,68,153,10404.00,2019-10-22 10:37:36.778753
497,2019102101002917,SLICL,13,41,16,262,4192.00,2019-10-22 10:37:36.778753
498,2019102101002918,PRVU,39,45,50,264,13200.00,2019-10-22 10:37:36.778753
499,2019102101002919,NTC,56,19,120,620,74400.00,2019-10-22 10:37:36.778753
500,2019102101002920,SJCL,16,44,20,167,3340.00,2019-10-22 10:37:36.778753
501,2019102101002921,RHPL,34,55,30,164,4920.00,2019-10-22 10:37:36.778753
502,2019102101002922,KSBBL,39,49,349,143,49907.00,2019-10-22 10:37:36.778753
503,2019102101002923,KSBBL,6,49,25,142,3550.00,2019-10-22 10:37:36.778753
504,2019102101002924,KSBBL,57,49,50,141,7050.00,2019-10-22 10:37:36.778753
505,2019102101002925,KSBBL,56,49,76,141,10716.00,2019-10-22 10:37:36.778753
506,2019102101002926,ADBL,39,21,326,412,134312.00,2019-10-22 10:37:36.778753
507,2019102101002927,ADBL,6,21,174,412,71688.00,2019-10-22 10:37:36.778753
508,2019102101002928,GUFL,3,48,20,109,2180.00,2019-10-22 10:37:36.778753
509,2019102101002929,EBL,28,44,475,546,259350.00,2019-10-22 10:37:36.778753
510,2019102101002930,SANIMA,40,49,286,306,87516.00,2019-10-22 10:37:36.778753
511,2019102101002931,MNBBL,40,39,50,306,15300.00,2019-10-22 10:37:36.778753
512,2019102101002932,GLICL,25,39,10,356,3560.00,2019-10-22 10:37:36.778753
513,2019102101002933,SIC,55,39,25,484,12100.00,2019-10-22 10:37:36.778753
514,2019102101002934,KBL,58,39,1000,181,181000.00,2019-10-22 10:37:36.778753
515,2019102101002890,PRVU,11,45,160,264,42240.00,2019-10-22 10:37:36.778753
516,2019102101002891,NLG,39,33,10,570,5700.00,2019-10-22 10:37:36.778753
517,2019102101002892,NLIC,41,38,100,777,77700.00,2019-10-22 10:37:36.778753
518,2019102101002893,RHPL,59,41,30,164,4920.00,2019-10-22 10:37:36.778753
519,2019102101002894,RHPL,34,41,10,164,1640.00,2019-10-22 10:37:36.778753
520,2019102101002895,PRVU,57,45,75,264,19800.00,2019-10-22 10:37:36.778753
521,2019102101002896,PRVU,39,45,100,264,26400.00,2019-10-22 10:37:36.778753
522,2019102101002897,RHPL,34,55,20,164,3280.00,2019-10-22 10:37:36.778753
523,2019102101002898,PCBL,21,47,40,267,10680.00,2019-10-22 10:37:36.778753
524,2019102101002899,NIB,29,7,44,443,19492.00,2019-10-22 10:37:36.778753
525,2019102101002900,PRVU,52,45,50,264,13200.00,2019-10-22 10:37:36.778753
526,2019102101002901,SIC,22,6,86,491,42226.00,2019-10-22 10:37:36.778753
527,2019102101002902,NLIC,4,44,22,776,17072.00,2019-10-22 10:37:36.778753
528,2019102101002903,SKBBL,14,57,50,914,45700.00,2019-10-22 10:37:36.778753
529,2019102101002904,MSLB,38,10,100,863,86300.00,2019-10-22 10:37:36.778753
530,2019102101002905,NIB,29,49,34,443,15062.00,2019-10-22 10:37:36.778753
531,2019102101002906,RHPL,34,34,10,164,1640.00,2019-10-22 10:37:36.778753
532,2019102101002907,PRVU,39,45,50,264,13200.00,2019-10-22 10:37:36.778753
533,2019102101002908,RHPL,34,55,30,164,4920.00,2019-10-22 10:37:36.778753
534,2019102101002909,NIL,53,29,20,354,7080.00,2019-10-22 10:37:36.778753
535,2019102101002910,NIL,29,29,24,354,8496.00,2019-10-22 10:37:36.778753
536,2019102101002911,MLBL,11,56,150,214,32100.00,2019-10-22 10:37:36.778753
537,2019102101002864,BPCL,45,43,40,358,14320.00,2019-10-22 10:37:36.778753
538,2019102101002865,BPCL,51,43,200,358,71600.00,2019-10-22 10:37:36.778753
539,2019102101002866,BPCL,37,43,100,358,35800.00,2019-10-22 10:37:36.778753
540,2019102101002867,RHPL,59,55,30,164,4920.00,2019-10-22 10:37:36.778753
541,2019102101002868,API,55,7,18,108,1944.00,2019-10-22 10:37:36.778753
542,2019102101002869,SCB,19,42,90,550,49500.00,2019-10-22 10:37:36.778753
543,2019102101002870,RRHP,47,44,10,100,1000.00,2019-10-22 10:37:36.778753
544,2019102101002871,GBLBS,34,7,10,308,3080.00,2019-10-22 10:37:36.778753
545,2019102101002872,PRVU,39,45,200,264,52800.00,2019-10-22 10:37:36.778753
546,2019102101002873,SJCL,41,17,10,166,1660.00,2019-10-22 10:37:36.778753
547,2019102101002874,PRVU,16,45,200,264,52800.00,2019-10-22 10:37:36.778753
548,2019102101002875,NLIC,28,38,200,777,155400.00,2019-10-22 10:37:36.778753
549,2019102101002876,SRBL,33,35,50,213,10650.00,2019-10-22 10:37:36.778753
550,2019102101002877,NCCB,44,32,1800,198,356400.00,2019-10-22 10:37:36.778753
551,2019102101002878,RHPL,59,55,20,164,3280.00,2019-10-22 10:37:36.778753
552,2019102101002879,MHNL,33,41,10,79,790.00,2019-10-22 10:37:36.778753
553,2019102101002880,MHNL,37,41,30,79,2370.00,2019-10-22 10:37:36.778753
554,2019102101002881,MHNL,37,59,100,79,7900.00,2019-10-22 10:37:36.778753
555,2019102101002882,RHPL,59,44,40,164,6560.00,2019-10-22 10:37:36.778753
556,2019102101002883,SCB,14,57,90,549,49410.00,2019-10-22 10:37:36.778753
557,2019102101002884,HIDCL,54,7,60,137,8220.00,2019-10-22 10:37:36.778753
558,2019102101002885,ADBL,39,58,50,413,20650.00,2019-10-22 10:37:36.778753
559,2019102101002886,SIL,39,44,373,369,137637.00,2019-10-22 10:37:36.778753
560,2019102101002887,SIL,17,44,100,369,36900.00,2019-10-22 10:37:36.778753
561,2019102101002888,NCCB,44,32,1845,198,365310.00,2019-10-22 10:37:36.778753
562,2019102101002889,MEGA,50,53,260,195,50700.00,2019-10-22 10:37:36.778753
563,2019102101002833,NBL,41,42,50,317,15850.00,2019-10-22 10:37:36.778753
564,2019102101002834,NBL,41,4,500,317,158500.00,2019-10-22 10:37:36.778753
565,2019102101002835,NBL,41,4,50,317,15850.00,2019-10-22 10:37:36.778753
566,2019102101002836,NBL,41,4,100,317,31700.00,2019-10-22 10:37:36.778753
567,2019102101002837,NBL,41,4,100,317,31700.00,2019-10-22 10:37:36.778753
568,2019102101002838,NBL,41,4,50,317,15850.00,2019-10-22 10:37:36.778753
569,2019102101002839,NBL,41,4,50,317,15850.00,2019-10-22 10:37:36.778753
570,2019102101002840,NBL,41,4,50,317,15850.00,2019-10-22 10:37:36.778753
571,2019102101002841,UPPER,49,22,650,236,153400.00,2019-10-22 10:37:36.778753
572,2019102101002842,NLIC,14,44,21,777,16317.00,2019-10-22 10:37:36.778753
573,2019102101002843,NLIC,14,38,79,777,61383.00,2019-10-22 10:37:36.778753
574,2019102101002844,PRVU,45,45,1000,264,264000.00,2019-10-22 10:37:36.778753
575,2019102101002845,SCB,39,57,40,546,21840.00,2019-10-22 10:37:36.778753
576,2019102101002846,SCB,18,57,160,545,87200.00,2019-10-22 10:37:36.778753
577,2019102101002847,BPCL,45,44,33,358,11814.00,2019-10-22 10:37:36.778753
578,2019102101002848,PFL,13,29,690,134,92460.00,2019-10-22 10:37:36.778753
579,2019102101002849,PRVU,39,45,50,264,13200.00,2019-10-22 10:37:36.778753
580,2019102101002850,DBBL,56,7,990,125,123750.00,2019-10-22 10:37:36.778753
581,2019102101002851,NTC,55,44,50,619,30950.00,2019-10-22 10:37:36.778753
582,2019102101002852,NTC,54,44,75,618,46350.00,2019-10-22 10:37:36.778753
583,2019102101002853,RHPL,59,55,30,164,4920.00,2019-10-22 10:37:36.778753
584,2019102101002854,MEGA,45,53,800,195,156000.00,2019-10-22 10:37:36.778753
585,2019102101002855,GLICL,6,25,100,357,35700.00,2019-10-22 10:37:36.778753
586,2019102101002856,GLICL,25,25,100,356,35600.00,2019-10-22 10:37:36.778753
587,2019102101002857,JBBL,58,37,155,156,24180.00,2019-10-22 10:37:36.778753
588,2019102101002858,SCB,18,35,10,545,5450.00,2019-10-22 10:37:36.778753
589,2019102101002859,SCB,18,39,236,545,128620.00,2019-10-22 10:37:36.778753
590,2019102101002860,SCB,44,39,14,545,7630.00,2019-10-22 10:37:36.778753
591,2019102101002861,PRVU,39,45,50,264,13200.00,2019-10-22 10:37:36.778753
592,2019102101002862,RHPL,59,17,10,164,1640.00,2019-10-22 10:37:36.778753
593,2019102101002863,HBL,42,34,150,492,73800.00,2019-10-22 10:37:36.778753
594,2019102101002804,SCB,19,42,10,550,5500.00,2019-10-22 10:37:36.778753
595,2019102101002805,SJCL,41,32,10,166,1660.00,2019-10-22 10:37:36.778753
596,2019102101002806,SICL,53,56,35,722,25270.00,2019-10-22 10:37:36.778753
597,2019102101002807,SICL,32,56,22,722,15884.00,2019-10-22 10:37:36.778753
598,2019102101002808,SICL,26,56,50,721,36050.00,2019-10-22 10:37:36.778753
599,2019102101002809,SICL,8,56,200,721,144200.00,2019-10-22 10:37:36.778753
600,2019102101002810,SICL,29,56,150,720,108000.00,2019-10-22 10:37:36.778753
601,2019102101002811,SICL,8,56,500,720,360000.00,2019-10-22 10:37:36.778753
602,2019102101002812,PIC,37,6,31,365,11315.00,2019-10-22 10:37:36.778753
603,2019102101002813,SCB,39,35,10,546,5460.00,2019-10-22 10:37:36.778753
604,2019102101002814,RHPL,59,17,10,164,1640.00,2019-10-22 10:37:36.778753
605,2019102101002815,NBL,41,21,1500,316,474000.00,2019-10-22 10:37:36.778753
606,2019102101002816,RHPL,59,55,30,164,4920.00,2019-10-22 10:37:36.778753
607,2019102101002817,SANIMA,47,44,35,307,10745.00,2019-10-22 10:37:36.778753
608,2019102101002818,SANIMA,47,47,15,307,4605.00,2019-10-22 10:37:36.778753
609,2019102101002819,SANIMA,58,49,100,306,30600.00,2019-10-22 10:37:36.778753
610,2019102101002820,SANIMA,6,49,11,306,3366.00,2019-10-22 10:37:36.778753
611,2019102101002821,SANIMA,36,49,103,306,31518.00,2019-10-22 10:37:36.778753
612,2019102101002822,LBBL,44,4,51,172,8772.00,2019-10-22 10:37:36.778753
613,2019102101002823,NCCB,1,32,200,199,39800.00,2019-10-22 10:37:36.778753
614,2019102101002824,SJCL,41,17,10,166,1660.00,2019-10-22 10:37:36.778753
615,2019102101002825,NIB,48,52,25,442,11050.00,2019-10-22 10:37:36.778753
616,2019102101002826,NIB,52,52,55,442,24310.00,2019-10-22 10:37:36.778753
617,2019102101002827,NBB,48,45,295,210,61950.00,2019-10-22 10:37:36.778753
618,2019102101002828,NBB,25,45,500,210,105000.00,2019-10-22 10:37:36.778753
619,2019102101002829,NBB,25,45,1221,210,256410.00,2019-10-22 10:37:36.778753
620,2019102101002830,NBB,25,50,338,210,70980.00,2019-10-22 10:37:36.778753
621,2019102101002831,NBB,56,50,62,210,13020.00,2019-10-22 10:37:36.778753
622,2019102101002832,PIC,37,29,69,365,25185.00,2019-10-22 10:37:36.778753
623,2019102101002792,EBL,45,44,10,547,5470.00,2019-10-22 10:37:36.778753
624,2019102101002793,UIC,45,17,10,260,2600.00,2019-10-22 10:37:36.778753
625,2019102101002794,PRVU,54,45,10,264,2640.00,2019-10-22 10:37:36.778753
626,2019102101002795,RHPL,59,17,10,164,1640.00,2019-10-22 10:37:36.778753
627,2019102101002796,NLG,6,34,50,560,28000.00,2019-10-22 10:37:36.778753
628,2019102101002797,NLG,49,34,30,560,16800.00,2019-10-22 10:37:36.778753
629,2019102101002798,RHPL,59,55,30,164,4920.00,2019-10-22 10:37:36.778753
630,2019102101002799,NLIC,4,49,550,776,426800.00,2019-10-22 10:37:36.778753
631,2019102101002800,SABSL,32,32,10,448,4480.00,2019-10-22 10:37:36.778753
632,2019102101002801,EBL,28,45,25,546,13650.00,2019-10-22 10:37:36.778753
633,2019102101002802,DBBL,42,7,10,125,1250.00,2019-10-22 10:37:36.778753
634,2019102101002803,JBBL,58,37,1000,156,156000.00,2019-10-22 10:37:36.778753
635,2019102101002755,MERO,28,49,20,549,10980.00,2019-10-22 10:37:36.778753
636,2019102101002756,ADBL,39,41,14,412,5768.00,2019-10-22 10:37:36.778753
637,2019102101002757,AKBSL,42,22,10,408,4080.00,2019-10-22 10:37:36.778753
638,2019102101002758,SHINE,39,49,500,252,126000.00,2019-10-22 10:37:36.778753
639,2019102101002759,NCCB,44,21,347,198,68706.00,2019-10-22 10:37:36.778753
640,2019102101002760,NIBPO,28,1,500,408,204000.00,2019-10-22 10:37:36.778753
641,2019102101002761,NABIL,42,58,88,757,66616.00,2019-10-22 10:37:36.778753
642,2019102101002762,NABIL,34,58,12,757,9084.00,2019-10-22 10:37:36.778753
643,2019102101002763,NABIL,11,58,100,756,75600.00,2019-10-22 10:37:36.778753
644,2019102101002764,NABIL,11,58,100,756,75600.00,2019-10-22 10:37:36.778753
645,2019102101002765,NABIL,52,58,100,756,75600.00,2019-10-22 10:37:36.778753
646,2019102101002766,NABIL,16,58,150,756,113400.00,2019-10-22 10:37:36.778753
647,2019102101002767,NABIL,52,58,50,756,37800.00,2019-10-22 10:37:36.778753
648,2019102101002768,NABIL,56,58,40,756,30240.00,2019-10-22 10:37:36.778753
649,2019102101002769,NABIL,22,58,20,756,15120.00,2019-10-22 10:37:36.778753
650,2019102101002770,NABIL,8,58,75,755,56625.00,2019-10-22 10:37:36.778753
651,2019102101002771,NABIL,47,58,500,755,377500.00,2019-10-22 10:37:36.778753
652,2019102101002772,NABIL,35,58,20,755,15100.00,2019-10-22 10:37:36.778753
653,2019102101002773,NABIL,45,58,15,755,11325.00,2019-10-22 10:37:36.778753
654,2019102101002774,NABIL,8,58,100,755,75500.00,2019-10-22 10:37:36.778753
655,2019102101002775,NABIL,39,58,25,755,18875.00,2019-10-22 10:37:36.778753
656,2019102101002776,NABIL,52,58,100,755,75500.00,2019-10-22 10:37:36.778753
657,2019102101002777,NLIC,4,4,461,776,357736.00,2019-10-22 10:37:36.778753
658,2019102101002778,NLIC,22,4,20,776,15520.00,2019-10-22 10:37:36.778753
659,2019102101002779,SJCL,41,17,10,166,1660.00,2019-10-22 10:37:36.778753
660,2019102101002780,NIB,17,22,98,443,43414.00,2019-10-22 10:37:36.778753
661,2019102101002781,NIB,3,22,200,443,88600.00,2019-10-22 10:37:36.778753
662,2019102101002782,SHIVM,7,6,100,481,48100.00,2019-10-22 10:37:36.778753
663,2019102101002783,SHIVM,34,6,100,481,48100.00,2019-10-22 10:37:36.778753
664,2019102101002784,SHIVM,45,6,200,481,96200.00,2019-10-22 10:37:36.778753
665,2019102101002785,SHIVM,39,6,500,481,240500.00,2019-10-22 10:37:36.778753
666,2019102101002786,SHIVM,56,6,100,481,48100.00,2019-10-22 10:37:36.778753
667,2019102101002787,SWBBL,28,45,20,915,18300.00,2019-10-22 10:37:36.778753
668,2019102101002788,SWBBL,17,45,100,914,91400.00,2019-10-22 10:37:36.778753
669,2019102101002789,SWBBL,37,45,50,913,45650.00,2019-10-22 10:37:36.778753
670,2019102101002790,NBB,13,21,295,210,61950.00,2019-10-22 10:37:36.778753
671,2019102101002791,NBB,48,21,205,210,43050.00,2019-10-22 10:37:36.778753
672,2019102101002726,CIT,34,47,15,1788,26820.00,2019-10-22 10:37:36.778753
673,2019102101002727,SABSL,32,54,10,448,4480.00,2019-10-22 10:37:36.778753
674,2019102101002728,SIC,41,39,20,491,9820.00,2019-10-22 10:37:36.778753
675,2019102101002729,SLBBL,58,58,10,545,5450.00,2019-10-22 10:37:36.778753
676,2019102101002730,PIC,6,44,11,365,4015.00,2019-10-22 10:37:36.778753
677,2019102101002731,PIC,6,6,19,365,6935.00,2019-10-22 10:37:36.778753
678,2019102101002732,MDB,17,3,46,252,11592.00,2019-10-22 10:37:36.778753
679,2019102101002733,TRH,46,44,100,281,28100.00,2019-10-22 10:37:36.778753
680,2019102101002734,JBBL,37,37,1000,156,156000.00,2019-10-22 10:37:36.778753
681,2019102101002735,ILBS,18,54,10,415,4150.00,2019-10-22 10:37:36.778753
682,2019102101002736,RHPL,54,55,30,164,4920.00,2019-10-22 10:37:36.778753
683,2019102101002737,DBBL,26,10,200,124,24800.00,2019-10-22 10:37:36.778753
684,2019102101002738,DBBL,42,10,41,124,5084.00,2019-10-22 10:37:36.778753
685,2019102101002739,BOKL,42,21,20,226,4520.00,2019-10-22 10:37:36.778753
686,2019102101002740,RHPL,54,35,40,164,6560.00,2019-10-22 10:37:36.778753
687,2019102101002741,RHPL,59,35,220,164,36080.00,2019-10-22 10:37:36.778753
688,2019102101002742,SLICL,29,22,10,267,2670.00,2019-10-22 10:37:36.778753
689,2019102101002743,NLIC,4,49,66,776,51216.00,2019-10-22 10:37:36.778753
690,2019102101002744,NLIC,4,49,39,776,30264.00,2019-10-22 10:37:36.778753
691,2019102101002745,SABSL,32,17,10,448,4480.00,2019-10-22 10:37:36.778753
692,2019102101002746,NBL,34,21,1269,316,401004.00,2019-10-22 10:37:36.778753
693,2019102101002747,NBL,43,21,30,316,9480.00,2019-10-22 10:37:36.778753
694,2019102101002748,NBL,46,21,50,316,15800.00,2019-10-22 10:37:36.778753
695,2019102101002749,NBL,39,21,100,316,31600.00,2019-10-22 10:37:36.778753
696,2019102101002750,GMFBS,34,54,10,447,4470.00,2019-10-22 10:37:36.778753
697,2019102101002751,RHPL,59,41,40,164,6560.00,2019-10-22 10:37:36.778753
698,2019102101002752,CBBL,39,58,66,964,63624.00,2019-10-22 10:37:36.778753
699,2019102101002753,PIC,42,6,50,365,18250.00,2019-10-22 10:37:36.778753
700,2019102101002754,NABIL,42,35,12,757,9084.00,2019-10-22 10:37:36.778753
701,2019102101002711,SCB,57,22,20,552,11040.00,2019-10-22 10:37:36.778753
702,2019102101002712,SCB,39,22,25,550,13750.00,2019-10-22 10:37:36.778753
703,2019102101002713,SCB,34,22,100,550,55000.00,2019-10-22 10:37:36.778753
704,2019102101002714,PRVU,56,45,500,264,132000.00,2019-10-22 10:37:36.778753
705,2019102101002715,SHIVM,36,21,1000,482,482000.00,2019-10-22 10:37:36.778753
706,2019102101002716,RHPL,54,55,30,164,4920.00,2019-10-22 10:37:36.778753
707,2019102101002717,MLBL,45,56,10,214,2140.00,2019-10-22 10:37:36.778753
708,2019102101002718,LBBL,48,4,475,172,81700.00,2019-10-22 10:37:36.778753
709,2019102101002719,RHPL,54,41,10,164,1640.00,2019-10-22 10:37:36.778753
710,2019102101002720,SHIVM,7,21,400,481,192400.00,2019-10-22 10:37:36.778753
711,2019102101002721,PLIC,28,6,100,315,31500.00,2019-10-22 10:37:36.778753
712,2019102101002722,NCCB,57,25,100,199,19900.00,2019-10-22 10:37:36.778753
713,2019102101002723,MLBL,43,56,100,214,21400.00,2019-10-22 10:37:36.778753
714,2019102101002724,UPPER,41,32,20,235,4700.00,2019-10-22 10:37:36.778753
715,2019102101002725,BFC,18,52,240,92,22080.00,2019-10-22 10:37:36.778753
716,2019102101002682,NCCB,58,25,100,199,19900.00,2019-10-22 10:37:36.778753
717,2019102101002683,AKBSL,43,54,10,409,4090.00,2019-10-22 10:37:36.778753
718,2019102101002684,RHPC,39,26,40,77,3080.00,2019-10-22 10:37:36.778753
719,2019102101002685,EBL,14,14,399,546,217854.00,2019-10-22 10:37:36.778753
720,2019102101002686,CBL,34,34,50,141,7050.00,2019-10-22 10:37:36.778753
721,2019102101002687,SCB,35,28,18,554,9972.00,2019-10-22 10:37:36.778753
722,2019102101002688,SCB,59,28,20,554,11080.00,2019-10-22 10:37:36.778753
723,2019102101002689,LGIL,44,50,40,307,12280.00,2019-10-22 10:37:36.778753
724,2019102101002690,DBBL,34,45,258,125,32250.00,2019-10-22 10:37:36.778753
725,2019102101002691,SHIVM,36,21,755,482,363910.00,2019-10-22 10:37:36.778753
726,2019102101002692,SBL,45,52,100,293,29300.00,2019-10-22 10:37:36.778753
727,2019102101002693,SBL,16,52,1500,292,438000.00,2019-10-22 10:37:36.778753
728,2019102101002694,SBL,42,52,35,291,10185.00,2019-10-22 10:37:36.778753
729,2019102101002695,SBL,6,52,150,291,43650.00,2019-10-22 10:37:36.778753
730,2019102101002696,SBL,53,52,500,291,145500.00,2019-10-22 10:37:36.778753
731,2019102101002697,SBL,8,52,1300,291,378300.00,2019-10-22 10:37:36.778753
732,2019102101002698,RHPL,54,32,220,164,36080.00,2019-10-22 10:37:36.778753
733,2019102101002699,SCB,22,28,30,552,16560.00,2019-10-22 10:37:36.778753
734,2019102101002700,OHL,34,4,39,442,17238.00,2019-10-22 10:37:36.778753
735,2019102101002701,UPPER,41,41,50,235,11750.00,2019-10-22 10:37:36.778753
736,2019102101002702,NABIL,28,45,50,758,37900.00,2019-10-22 10:37:36.778753
737,2019102101002703,NABIL,28,59,50,759,37950.00,2019-10-22 10:37:36.778753
738,2019102101002704,SHIVM,36,21,1000,482,482000.00,2019-10-22 10:37:36.778753
739,2019102101002705,ALICL,46,11,500,315,157500.00,2019-10-22 10:37:36.778753
740,2019102101002706,ALICL,43,11,35,314,10990.00,2019-10-22 10:37:36.778753
741,2019102101002707,ALICL,28,11,162,314,50868.00,2019-10-22 10:37:36.778753
742,2019102101002708,SBL,52,52,315,291,91665.00,2019-10-22 10:37:36.778753
743,2019102101002709,SJCL,41,41,10,166,1660.00,2019-10-22 10:37:36.778753
744,2019102101002710,RHPL,54,41,40,164,6560.00,2019-10-22 10:37:36.778753
745,2019102101002665,RHPL,54,55,20,164,3280.00,2019-10-22 10:37:36.778753
746,2019102101002666,NABIL,43,45,50,758,37900.00,2019-10-22 10:37:36.778753
747,2019102101002667,NIL,56,55,250,355,88750.00,2019-10-22 10:37:36.778753
748,2019102101002668,NIL,45,55,100,355,35500.00,2019-10-22 10:37:36.778753
749,2019102101002669,SCB,47,34,38,554,21052.00,2019-10-22 10:37:36.778753
750,2019102101002670,SCB,35,34,12,554,6648.00,2019-10-22 10:37:36.778753
751,2019102101002671,CBBL,28,58,20,964,19280.00,2019-10-22 10:37:36.778753
752,2019102101002672,SHIVM,55,21,20,484,9680.00,2019-10-22 10:37:36.778753
753,2019102101002673,SHIVM,55,21,160,483,77280.00,2019-10-22 10:37:36.778753
754,2019102101002674,SHIVM,58,21,500,483,241500.00,2019-10-22 10:37:36.778753
755,2019102101002675,SHIVM,26,21,50,483,24150.00,2019-10-22 10:37:36.778753
756,2019102101002676,SHIVM,25,21,25,482,12050.00,2019-10-22 10:37:36.778753
757,2019102101002677,SHIVM,36,21,245,482,118090.00,2019-10-22 10:37:36.778753
758,2019102101002678,PRVU,52,43,450,264,118800.00,2019-10-22 10:37:36.778753
759,2019102101002679,PRVU,52,45,3550,264,937200.00,2019-10-22 10:37:36.778753
760,2019102101002680,NLG,48,37,70,561,39270.00,2019-10-22 10:37:36.778753
761,2019102101002681,RHPL,54,55,20,164,3280.00,2019-10-22 10:37:36.778753
762,2019102101002651,PRVU,7,43,500,264,132000.00,2019-10-22 10:37:36.778753
763,2019102101002652,JBBL,37,14,99,155,15345.00,2019-10-22 10:37:36.778753
764,2019102101002653,RHPL,54,26,40,164,6560.00,2019-10-22 10:37:36.778753
765,2019102101002654,AKPL,49,49,551,134,73834.00,2019-10-22 10:37:36.778753
766,2019102101002655,PFL,35,4,100,133,13300.00,2019-10-22 10:37:36.778753
767,2019102101002656,PFL,1,4,200,133,26600.00,2019-10-22 10:37:36.778753
768,2019102101002657,PFL,20,4,200,133,26600.00,2019-10-22 10:37:36.778753
769,2019102101002658,DDBL,35,13,206,718,147908.00,2019-10-22 10:37:36.778753
770,2019102101002659,SIL,39,54,60,369,22140.00,2019-10-22 10:37:36.778753
771,2019102101002660,AKJCL,56,44,20,53,1060.00,2019-10-22 10:37:36.778753
772,2019102101002661,NHPC,41,26,300,52,15600.00,2019-10-22 10:37:36.778753
773,2019102101002662,SLBBL,34,52,18,537,9666.00,2019-10-22 10:37:36.778753
774,2019102101002663,GLICL,43,52,10,360,3600.00,2019-10-22 10:37:36.778753
775,2019102101002664,CHL,58,44,10,79,790.00,2019-10-22 10:37:36.778753
776,2019102101002621,SANIMA,58,33,400,306,122400.00,2019-10-22 10:37:36.778753
777,2019102101002622,HURJA,37,55,20,103,2060.00,2019-10-22 10:37:36.778753
778,2019102101002623,EBL,6,44,30,547,16410.00,2019-10-22 10:37:36.778753
779,2019102101002624,BOKL,44,37,458,227,103966.00,2019-10-22 10:37:36.778753
780,2019102101002625,BOKL,22,37,200,227,45400.00,2019-10-22 10:37:36.778753
781,2019102101002626,RHPL,19,44,510,164,83640.00,2019-10-22 10:37:36.778753
782,2019102101002627,RHPL,45,44,1000,164,164000.00,2019-10-22 10:37:36.778753
783,2019102101002628,RHPL,54,44,490,164,80360.00,2019-10-22 10:37:36.778753
784,2019102101002629,HIDCL,54,26,30,137,4110.00,2019-10-22 10:37:36.778753
785,2019102101002630,UPPER,41,39,40,235,9400.00,2019-10-22 10:37:36.778753
786,2019102101002631,HPPL,45,26,10,139,1390.00,2019-10-22 10:37:36.778753
787,2019102101002632,SCB,39,28,100,555,55500.00,2019-10-22 10:37:36.778753
788,2019102101002633,SCB,45,28,59,555,32745.00,2019-10-22 10:37:36.778753
789,2019102101002634,SCB,43,28,25,554,13850.00,2019-10-22 10:37:36.778753
790,2019102101002635,SCB,47,28,16,554,8864.00,2019-10-22 10:37:36.778753
791,2019102101002636,RHPL,54,55,30,164,4920.00,2019-10-22 10:37:36.778753
792,2019102101002637,SCB,47,58,10,554,5540.00,2019-10-22 10:37:36.778753
793,2019102101002638,RHPL,54,39,30,164,4920.00,2019-10-22 10:37:36.778753
794,2019102101002639,GBLBS,59,44,15,309,4635.00,2019-10-22 10:37:36.778753
795,2019102101002640,SMFBS,35,3,10,780,7800.00,2019-10-22 10:37:36.778753
796,2019102101002641,EIC,6,50,10,221,2210.00,2019-10-22 10:37:36.778753
797,2019102101002642,EIC,13,50,100,221,22100.00,2019-10-22 10:37:36.778753
798,2019102101002643,EIC,53,50,50,221,11050.00,2019-10-22 10:37:36.778753
799,2019102101002644,EIC,50,50,200,220,44000.00,2019-10-22 10:37:36.778753
800,2019102101002645,EIC,34,50,40,220,8800.00,2019-10-22 10:37:36.778753
801,2019102101002646,EIC,36,50,50,220,11000.00,2019-10-22 10:37:36.778753
802,2019102101002647,EIC,42,50,40,220,8800.00,2019-10-22 10:37:36.778753
803,2019102101002648,SABSL,32,47,10,448,4480.00,2019-10-22 10:37:36.778753
804,2019102101002649,NADEP,58,26,20,393,7860.00,2019-10-22 10:37:36.778753
805,2019102101002650,SJCL,41,39,10,166,1660.00,2019-10-22 10:37:36.778753
806,2019102101002604,PFL,10,29,310,134,41540.00,2019-10-22 10:37:36.778753
807,2019102101002605,NIBSF1,22,22,3000,8.61,25830.00,2019-10-22 10:37:36.778753
808,2019102101002606,JBBL,56,21,55,156,8580.00,2019-10-22 10:37:36.778753
809,2019102101002607,JBBL,56,37,345,156,53820.00,2019-10-22 10:37:36.778753
810,2019102101002608,ADBL,39,57,40,412,16480.00,2019-10-22 10:37:36.778753
811,2019102101002609,MEGA,1,25,200,194,38800.00,2019-10-22 10:37:36.778753
812,2019102101002610,MEGA,32,25,100,194,19400.00,2019-10-22 10:37:36.778753
813,2019102101002611,SCB,34,11,55,559,30745.00,2019-10-22 10:37:36.778753
814,2019102101002612,SCB,28,11,100,558,55800.00,2019-10-22 10:37:36.778753
815,2019102101002613,SCB,34,11,100,558,55800.00,2019-10-22 10:37:36.778753
816,2019102101002614,SCB,26,11,10,558,5580.00,2019-10-22 10:37:36.778753
817,2019102101002615,NMBMF,44,26,41,1080,44280.00,2019-10-22 10:37:36.778753
818,2019102101002616,GLICL,6,52,100,358,35800.00,2019-10-22 10:37:36.778753
819,2019102101002617,AKPL,42,26,13,133,1729.00,2019-10-22 10:37:36.778753
820,2019102101002618,EIC,6,57,80,224,17920.00,2019-10-22 10:37:36.778753
821,2019102101002619,DBBL,56,7,550,125,68750.00,2019-10-22 10:37:36.778753
822,2019102101002620,NLIC,4,11,100,776,77600.00,2019-10-22 10:37:36.778753
823,2019102101002578,API,21,38,500,107,53500.00,2019-10-22 10:37:36.778753
824,2019102101002579,API,25,38,300,107,32100.00,2019-10-22 10:37:36.778753
825,2019102101002580,API,34,38,100,107,10700.00,2019-10-22 10:37:36.778753
826,2019102101002581,API,55,38,100,107,10700.00,2019-10-22 10:37:36.778753
827,2019102101002582,API,1,38,1500,107,160500.00,2019-10-22 10:37:36.778753
828,2019102101002583,API,55,38,100,107,10700.00,2019-10-22 10:37:36.778753
829,2019102101002584,API,42,38,20,107,2140.00,2019-10-22 10:37:36.778753
830,2019102101002585,API,6,38,36,107,3852.00,2019-10-22 10:37:36.778753
831,2019102101002586,ADBL,25,58,50,412,20600.00,2019-10-22 10:37:36.778753
832,2019102101002587,ADBL,34,58,150,412,61800.00,2019-10-22 10:37:36.778753
833,2019102101002588,ADBL,45,58,1000,412,412000.00,2019-10-22 10:37:36.778753
834,2019102101002589,ADBL,39,58,100,412,41200.00,2019-10-22 10:37:36.778753
835,2019102101002590,ADBL,39,58,50,412,20600.00,2019-10-22 10:37:36.778753
836,2019102101002591,ADBL,39,58,50,412,20600.00,2019-10-22 10:37:36.778753
837,2019102101002592,ADBL,39,58,200,412,82400.00,2019-10-22 10:37:36.778753
838,2019102101002593,ADBL,39,58,50,412,20600.00,2019-10-22 10:37:36.778753
839,2019102101002594,ADBL,39,58,100,412,41200.00,2019-10-22 10:37:36.778753
840,2019102101002595,ADBL,39,58,50,412,20600.00,2019-10-22 10:37:36.778753
841,2019102101002596,ADBL,39,58,100,412,41200.00,2019-10-22 10:37:36.778753
842,2019102101002597,ADBL,39,58,100,412,41200.00,2019-10-22 10:37:36.778753
843,2019102101002598,ADBL,39,58,100,412,41200.00,2019-10-22 10:37:36.778753
844,2019102101002599,ADBL,39,58,50,412,20600.00,2019-10-22 10:37:36.778753
845,2019102101002600,ADBL,39,58,30,412,12360.00,2019-10-22 10:37:36.778753
846,2019102101002601,ADBL,52,58,200,412,82400.00,2019-10-22 10:37:36.778753
847,2019102101002602,ADBL,39,58,620,412,255440.00,2019-10-22 10:37:36.778753
848,2019102101002603,HPPL,45,44,20,139,2780.00,2019-10-22 10:37:36.778753
849,2019102101002560,LBBL,45,7,40,172,6880.00,2019-10-22 10:37:36.778753
850,2019102101002561,LBBL,48,7,25,172,4300.00,2019-10-22 10:37:36.778753
851,2019102101002562,DBBL,26,7,55,125,6875.00,2019-10-22 10:37:36.778753
852,2019102101002563,DBBL,48,7,50,125,6250.00,2019-10-22 10:37:36.778753
853,2019102101002564,NICL,29,32,90,260,23400.00,2019-10-22 10:37:36.778753
854,2019102101002565,AKBSL,43,39,10,411,4110.00,2019-10-22 10:37:36.778753
855,2019102101002566,PCBL,43,22,12,265,3180.00,2019-10-22 10:37:36.778753
856,2019102101002567,PRVU,22,43,50,264,13200.00,2019-10-22 10:37:36.778753
857,2019102101002568,API,1,38,100,108,10800.00,2019-10-22 10:37:36.778753
858,2019102101002569,API,52,38,100,108,10800.00,2019-10-22 10:37:36.778753
859,2019102101002570,API,22,38,20,108,2160.00,2019-10-22 10:37:36.778753
860,2019102101002571,API,22,38,180,108,19440.00,2019-10-22 10:37:36.778753
861,2019102101002572,RHPL,19,22,40,164,6560.00,2019-10-22 10:37:36.778753
862,2019102101002573,SCB,51,48,30,560,16800.00,2019-10-22 10:37:36.778753
863,2019102101002574,NIB,17,22,52,443,23036.00,2019-10-22 10:37:36.778753
864,2019102101002575,API,22,38,320,108,34560.00,2019-10-22 10:37:36.778753
865,2019102101002576,API,26,38,24,107,2568.00,2019-10-22 10:37:36.778753
866,2019102101002577,API,55,38,1000,107,107000.00,2019-10-22 10:37:36.778753
867,2019102101002550,PCBL,43,36,73,265,19345.00,2019-10-22 10:37:36.778753
868,2019102101002551,LGIL,35,56,100,306,30600.00,2019-10-22 10:37:36.778753
869,2019102101002552,LGIL,34,56,100,305,30500.00,2019-10-22 10:37:36.778753
870,2019102101002553,LGIL,37,56,190,304,57760.00,2019-10-22 10:37:36.778753
871,2019102101002554,NABIL,41,59,100,759,75900.00,2019-10-22 10:37:36.778753
872,2019102101002555,RADHI,52,36,11,134,1474.00,2019-10-22 10:37:36.778753
873,2019102101002556,MNBBL,44,53,50,306,15300.00,2019-10-22 10:37:36.778753
874,2019102101002557,RRHP,47,36,10,100,1000.00,2019-10-22 10:37:36.778753
875,2019102101002558,NCCB,44,22,300,198,59400.00,2019-10-22 10:37:36.778753
876,2019102101002559,ADBL,25,17,500,412,206000.00,2019-10-22 10:37:36.778753
877,2019102101002537,UNHPL,35,45,20,57,1140.00,2019-10-22 10:37:36.778753
878,2019102101002538,UNHPL,35,44,50,57,2850.00,2019-10-22 10:37:36.778753
879,2019102101002539,UPCL,22,55,100,78,7800.00,2019-10-22 10:37:36.778753
880,2019102101002540,UPPER,41,29,418,235,98230.00,2019-10-22 10:37:36.778753
881,2019102101002541,UPPER,41,29,232,235,54520.00,2019-10-22 10:37:36.778753
882,2019102101002542,API,1,56,400,108,43200.00,2019-10-22 10:37:36.778753
883,2019102101002543,API,1,38,500,108,54000.00,2019-10-22 10:37:36.778753
884,2019102101002544,GBLBS,11,39,15,311,4665.00,2019-10-22 10:37:36.778753
885,2019102101002545,LICN,34,50,20,983,19660.00,2019-10-22 10:37:36.778753
886,2019102101002546,NLICL,39,59,10,460,4600.00,2019-10-22 10:37:36.778753
887,2019102101002547,SRBL,35,8,200,212,42400.00,2019-10-22 10:37:36.778753
888,2019102101002548,NBL,41,7,950,317,301150.00,2019-10-22 10:37:36.778753
889,2019102101002549,NBL,41,57,351,317,111267.00,2019-10-22 10:37:36.778753
890,2019102101002525,SJCL,29,22,60,168,10080.00,2019-10-22 10:37:36.778753
891,2019102101002526,NCCB,5,49,200,199,39800.00,2019-10-22 10:37:36.778753
892,2019102101002527,NMBMF,48,10,40,1078,43120.00,2019-10-22 10:37:36.778753
893,2019102101002528,NMBMF,28,10,1,1078,1078.00,2019-10-22 10:37:36.778753
894,2019102101002529,MEGA,14,53,1500,194,291000.00,2019-10-22 10:37:36.778753
895,2019102101002530,SCB,37,26,55,560,30800.00,2019-10-22 10:37:36.778753
896,2019102101002531,SCB,34,26,45,559,25155.00,2019-10-22 10:37:36.778753
897,2019102101002532,SHIVM,35,25,100,484,48400.00,2019-10-22 10:37:36.778753
898,2019102101002533,SHIVM,32,25,150,483,72450.00,2019-10-22 10:37:36.778753
899,2019102101002534,SHIVM,55,25,340,483,164220.00,2019-10-22 10:37:36.778753
900,2019102101002535,CBL,1,39,400,142,56800.00,2019-10-22 10:37:36.778753
901,2019102101002536,API,39,56,200,108,21600.00,2019-10-22 10:37:36.778753
902,2019102101002510,UIC,42,58,15,259,3885.00,2019-10-22 10:37:36.778753
903,2019102101002511,SCB,21,58,175,562,98350.00,2019-10-22 10:37:36.778753
904,2019102101002512,SCB,45,58,50,562,28100.00,2019-10-22 10:37:36.778753
905,2019102101002513,SCB,41,58,100,561,56100.00,2019-10-22 10:37:36.778753
906,2019102101002514,SCB,26,58,25,561,14025.00,2019-10-22 10:37:36.778753
907,2019102101002515,SCB,39,58,25,560,14000.00,2019-10-22 10:37:36.778753
908,2019102101002516,SCB,37,58,30,560,16800.00,2019-10-22 10:37:36.778753
909,2019102101002517,SCB,34,58,250,560,140000.00,2019-10-22 10:37:36.778753
910,2019102101002518,SCB,37,58,45,560,25200.00,2019-10-22 10:37:36.778753
911,2019102101002519,ALBSL,42,29,60,395,23700.00,2019-10-22 10:37:36.778753
912,2019102101002520,CCBL,52,35,222,153,33966.00,2019-10-22 10:37:36.778753
913,2019102101002521,PRVU,5,45,500,264,132000.00,2019-10-22 10:37:36.778753
914,2019102101002522,PRVU,58,45,500,264,132000.00,2019-10-22 10:37:36.778753
915,2019102101002523,PRVU,6,45,1000,264,264000.00,2019-10-22 10:37:36.778753
916,2019102101002524,NMBMF,48,43,110,1077,118470.00,2019-10-22 10:37:36.778753
917,2019102101002493,TMDBL,40,21,56,149,8344.00,2019-10-22 10:37:36.778753
918,2019102101002494,NIL,45,21,100,356,35600.00,2019-10-22 10:37:36.778753
919,2019102101002495,NIL,42,21,43,356,15308.00,2019-10-22 10:37:36.778753
920,2019102101002496,NIL,17,21,150,356,53400.00,2019-10-22 10:37:36.778753
921,2019102101002497,KRBL,51,46,100,103,10300.00,2019-10-22 10:37:36.778753
922,2019102101002498,NLICL,39,59,10,469,4690.00,2019-10-22 10:37:36.778753
923,2019102101002499,SABSL,57,25,10,447,4470.00,2019-10-22 10:37:36.778753
924,2019102101002500,SANIMA,6,44,3000,306,918000.00,2019-10-22 10:37:36.778753
925,2019102101002501,NIB,51,39,72,443,31896.00,2019-10-22 10:37:36.778753
926,2019102101002502,NIB,42,39,100,443,44300.00,2019-10-22 10:37:36.778753
927,2019102101002503,NIB,22,39,50,443,22150.00,2019-10-22 10:37:36.778753
928,2019102101002504,NIB,1,39,100,443,44300.00,2019-10-22 10:37:36.778753
929,2019102101002505,NIB,34,39,20,443,8860.00,2019-10-22 10:37:36.778753
930,2019102101002506,NIB,39,39,100,443,44300.00,2019-10-22 10:37:36.778753
931,2019102101002507,SHIVM,16,38,10,485,4850.00,2019-10-22 10:37:36.778753
932,2019102101002508,API,51,56,100,108,10800.00,2019-10-22 10:37:36.778753
933,2019102101002509,SCB,21,8,300,562,168600.00,2019-10-22 10:37:36.778753
934,2019102101002473,HIDCL,33,51,63,138,8694.00,2019-10-22 10:37:36.778753
935,2019102101002474,SCB,44,39,222,563,124986.00,2019-10-22 10:37:36.778753
936,2019102101002475,SCB,34,39,198,563,111474.00,2019-10-22 10:37:36.778753
937,2019102101002476,SMATA,42,52,10,524,5240.00,2019-10-22 10:37:36.778753
938,2019102101002477,GLBSL,42,45,10,425,4250.00,2019-10-22 10:37:36.778753
939,2019102101002478,GLBSL,42,7,100,426,42600.00,2019-10-22 10:37:36.778753
940,2019102101002479,HIDCL,33,52,76,138,10488.00,2019-10-22 10:37:36.778753
941,2019102101002480,FOWAD,42,47,80,1281,102480.00,2019-10-22 10:37:36.778753
942,2019102101002481,API,25,56,100,108,10800.00,2019-10-22 10:37:36.778753
943,2019102101002482,API,6,56,100,108,10800.00,2019-10-22 10:37:36.778753
944,2019102101002483,RLFL,22,46,39,113,4407.00,2019-10-22 10:37:36.778753
945,2019102101002484,RLFL,43,46,250,113,28250.00,2019-10-22 10:37:36.778753
946,2019102101002485,PPCL,22,55,20,93,1860.00,2019-10-22 10:37:36.778753
947,2019102101002486,MEGA,35,53,80,194,15520.00,2019-10-22 10:37:36.778753
948,2019102101002487,MEGA,32,53,60,194,11640.00,2019-10-22 10:37:36.778753
949,2019102101002488,CZBIL,57,22,50,192,9600.00,2019-10-22 10:37:36.778753
950,2019102101002489,SCB,13,39,50,562,28100.00,2019-10-22 10:37:36.778753
951,2019102101002490,SCB,39,39,25,562,14050.00,2019-10-22 10:37:36.778753
952,2019102101002491,SCB,21,39,25,562,14050.00,2019-10-22 10:37:36.778753
953,2019102101002492,API,22,56,100,108,10800.00,2019-10-22 10:37:36.778753
954,2019102101002450,NSEWA,42,21,10,376,3760.00,2019-10-22 10:37:36.778753
955,2019102101002451,NSEWA,42,21,10,376,3760.00,2019-10-22 10:37:36.778753
956,2019102101002452,NSEWA,42,21,10,376,3760.00,2019-10-22 10:37:36.778753
957,2019102101002453,NSEWA,42,19,10,376,3760.00,2019-10-22 10:37:36.778753
958,2019102101002454,NSEWA,42,41,10,376,3760.00,2019-10-22 10:37:36.778753
959,2019102101002455,SJCL,41,44,10,166,1660.00,2019-10-22 10:37:36.778753
960,2019102101002456,SAPDBL,32,21,20,120,2400.00,2019-10-22 10:37:36.778753
961,2019102101002457,BARUN,39,28,20,88,1760.00,2019-10-22 10:37:36.778753
962,2019102101002458,BARUN,39,42,20,89,1780.00,2019-10-22 10:37:36.778753
963,2019102101002459,SICL,57,21,20,722,14440.00,2019-10-22 10:37:36.778753
964,2019102101002460,HIDCL,33,55,61,138,8418.00,2019-10-22 10:37:36.778753
965,2019102101002461,RMDC,37,37,13,606,7878.00,2019-10-22 10:37:36.778753
966,2019102101002462,ILBS,42,44,10,418,4180.00,2019-10-22 10:37:36.778753
967,2019102101002463,ILBS,42,22,10,420,4200.00,2019-10-22 10:37:36.778753
968,2019102101002464,ILBS,42,32,10,423,4230.00,2019-10-22 10:37:36.778753
969,2019102101002465,ILBS,42,29,160,423,67680.00,2019-10-22 10:37:36.778753
970,2019102101002466,ILBS,42,39,60,423,25380.00,2019-10-22 10:37:36.778753
971,2019102101002467,NABIL,54,59,80,757,60560.00,2019-10-22 10:37:36.778753
972,2019102101002468,NABIL,54,59,100,757,75700.00,2019-10-22 10:37:36.778753
973,2019102101002469,NABIL,17,59,30,757,22710.00,2019-10-22 10:37:36.778753
974,2019102101002470,NABIL,43,59,500,757,378500.00,2019-10-22 10:37:36.778753
975,2019102101002471,MNBBL,44,36,40,306,12240.00,2019-10-22 10:37:36.778753
976,2019102101002472,GLBSL,42,26,10,420,4200.00,2019-10-22 10:37:36.778753
977,2019102101002413,NABIL,54,21,20,757,15140.00,2019-10-22 10:37:36.778753
978,2019102101002414,AHPC,8,6,10,95,950.00,2019-10-22 10:37:36.778753
979,2019102101002415,ALBSL,42,21,10,388,3880.00,2019-10-22 10:37:36.778753
980,2019102101002416,ALBSL,42,21,10,388,3880.00,2019-10-22 10:37:36.778753
981,2019102101002417,ALBSL,42,21,10,388,3880.00,2019-10-22 10:37:36.778753
982,2019102101002418,ALBSL,42,21,10,388,3880.00,2019-10-22 10:37:36.778753
983,2019102101002419,ALBSL,42,21,10,388,3880.00,2019-10-22 10:37:36.778753
984,2019102101002420,ALBSL,42,57,50,388,19400.00,2019-10-22 10:37:36.778753
985,2019102101002421,ALBSL,42,58,10,388,3880.00,2019-10-22 10:37:36.778753
986,2019102101002422,ALBSL,42,7,100,389,38900.00,2019-10-22 10:37:36.778753
987,2019102101002423,SRBL,56,35,50,213,10650.00,2019-10-22 10:37:36.778753
988,2019102101002424,API,21,56,500,108,54000.00,2019-10-22 10:37:36.778753
989,2019102101002425,GBBL,40,39,58,213,12354.00,2019-10-22 10:37:36.778753
990,2019102101002426,GBBL,13,39,500,213,106500.00,2019-10-22 10:37:36.778753
991,2019102101002427,GBBL,39,39,442,213,94146.00,2019-10-22 10:37:36.778753
992,2019102101002428,PIC,58,6,120,364,43680.00,2019-10-22 10:37:36.778753
993,2019102101002429,PIC,43,6,380,364,138320.00,2019-10-22 10:37:36.778753
994,2019102101002430,RMDC,37,37,13,606,7878.00,2019-10-22 10:37:36.778753
995,2019102101002431,SBL,42,52,300,291,87300.00,2019-10-22 10:37:36.778753
996,2019102101002432,MBL,14,58,30,222,6660.00,2019-10-22 10:37:36.778753
997,2019102101002433,MBL,38,58,90,222,19980.00,2019-10-22 10:37:36.778753
998,2019102101002434,SEF,3,32,2000,8.9,17800.00,2019-10-22 10:37:36.778753
999,2019102101002435,SPARS,34,34,700,525,367500.00,2019-10-22 10:37:36.778753
1000,2019102101002436,NMBMF,45,43,40,1077,43080.00,2019-10-22 10:37:36.778753
1001,2019102101002437,GMFBS,42,41,10,448,4480.00,2019-10-22 10:37:36.778753
1002,2019102101002438,GMFBS,42,53,10,451,4510.00,2019-10-22 10:37:36.778753
1003,2019102101002439,GMFBS,42,45,10,455,4550.00,2019-10-22 10:37:36.778753
1004,2019102101002440,GMFBS,42,7,100,455,45500.00,2019-10-22 10:37:36.778753
1005,2019102101002441,NICA,11,21,30,383,11490.00,2019-10-22 10:37:36.778753
1006,2019102101002442,RHPL,16,44,20,165,3300.00,2019-10-22 10:37:36.778753
1007,2019102101002443,AHPC,28,40,1000,94,94000.00,2019-10-22 10:37:36.778753
1008,2019102101002444,HDL,44,39,27,1430,38610.00,2019-10-22 10:37:36.778753
1009,2019102101002445,MEGA,10,10,110,194,21340.00,2019-10-22 10:37:36.778753
1010,2019102101002446,RMDC,37,37,13,606,7878.00,2019-10-22 10:37:36.778753
1011,2019102101002447,MBL,38,58,120,222,26640.00,2019-10-22 10:37:36.778753
1012,2019102101002448,API,22,56,200,108,21600.00,2019-10-22 10:37:36.778753
1013,2019102101002449,HGI,35,55,40,267,10680.00,2019-10-22 10:37:36.778753
1014,2019102101002392,SRBL,35,4,50,212,10600.00,2019-10-22 10:37:36.778753
1015,2019102101002393,SRBL,28,4,500,210,105000.00,2019-10-22 10:37:36.778753
1016,2019102101002394,SRBL,58,4,300,209,62700.00,2019-10-22 10:37:36.778753
1017,2019102101002395,SRBL,48,4,100,209,20900.00,2019-10-22 10:37:36.778753
1018,2019102101002396,SRBL,53,4,231,209,48279.00,2019-10-22 10:37:36.778753
1019,2019102101002397,SRBL,51,4,328,209,68552.00,2019-10-22 10:37:36.778753
1020,2019102101002398,KBL,58,21,30,181,5430.00,2019-10-22 10:37:36.778753
1021,2019102101002399,EBL,49,44,50,547,27350.00,2019-10-22 10:37:36.778753
1022,2019102101002400,NIB,56,32,22,445,9790.00,2019-10-22 10:37:36.778753
1023,2019102101002401,API,55,56,100,108,10800.00,2019-10-22 10:37:36.778753
1024,2019102101002402,API,55,56,900,108,97200.00,2019-10-22 10:37:36.778753
1025,2019102101002403,MBL,14,21,150,222,33300.00,2019-10-22 10:37:36.778753
1026,2019102101002404,GRDBL,40,45,30,104,3120.00,2019-10-22 10:37:36.778753
1027,2019102101002405,GRDBL,40,44,50,104,5200.00,2019-10-22 10:37:36.778753
1028,2019102101002406,GRDBL,40,57,450,104,46800.00,2019-10-22 10:37:36.778753
1029,2019102101002407,AKJCL,56,44,20,53,1060.00,2019-10-22 10:37:36.778753
1030,2019102101002408,ALBSL,42,51,10,380,3800.00,2019-10-22 10:37:36.778753
1031,2019102101002409,MEGA,35,21,10,194,1940.00,2019-10-22 10:37:36.778753
1032,2019102101002410,SIL,39,48,110,369,40590.00,2019-10-22 10:37:36.778753
1033,2019102101002411,ALBSL,42,45,10,384,3840.00,2019-10-22 10:37:36.778753
1034,2019102101002412,ALBSL,42,39,100,387,38700.00,2019-10-22 10:37:36.778753
1035,2019102101002365,EBL,44,35,54,546,29484.00,2019-10-22 10:37:36.778753
1036,2019102101002366,EBL,56,35,10,545,5450.00,2019-10-22 10:37:36.778753
1037,2019102101002367,CZBIL,42,21,20,192,3840.00,2019-10-22 10:37:36.778753
1038,2019102101002368,LBBL,5,4,150,173,25950.00,2019-10-22 10:37:36.778753
1039,2019102101002369,NBL,39,10,669,316,211404.00,2019-10-22 10:37:36.778753
1040,2019102101002370,NBL,34,10,331,316,104596.00,2019-10-22 10:37:36.778753
1041,2019102101002371,KSBBL,39,59,270,143,38610.00,2019-10-22 10:37:36.778753
1042,2019102101002372,EBL,56,34,200,545,109000.00,2019-10-22 10:37:36.778753
1043,2019102101002373,HBL,39,21,35,485,16975.00,2019-10-22 10:37:36.778753
1044,2019102101002374,HBL,50,21,100,485,48500.00,2019-10-22 10:37:36.778753
1045,2019102101002375,HBL,1,21,50,485,24250.00,2019-10-22 10:37:36.778753
1046,2019102101002376,HBL,44,21,205,485,99425.00,2019-10-22 10:37:36.778753
1047,2019102101002377,SANIMA,52,45,150,305,45750.00,2019-10-22 10:37:36.778753
1048,2019102101002378,RADHI,19,16,12,134,1608.00,2019-10-22 10:37:36.778753
1049,2019102101002379,RADHI,19,26,12,134,1608.00,2019-10-22 10:37:36.778753
1050,2019102101002380,RADHI,19,26,11,134,1474.00,2019-10-22 10:37:36.778753
1051,2019102101002381,RADHI,19,47,12,134,1608.00,2019-10-22 10:37:36.778753
1052,2019102101002382,MEGA,53,33,30,194,5820.00,2019-10-22 10:37:36.778753
1053,2019102101002383,MEGA,14,33,500,194,97000.00,2019-10-22 10:37:36.778753
1054,2019102101002384,MEGA,28,33,500,194,97000.00,2019-10-22 10:37:36.778753
1055,2019102101002385,MEGA,8,33,500,194,97000.00,2019-10-22 10:37:36.778753
1056,2019102101002386,MEGA,44,33,200,194,38800.00,2019-10-22 10:37:36.778753
1057,2019102101002387,MEGA,19,33,700,194,135800.00,2019-10-22 10:37:36.778753
1058,2019102101002388,MEGA,28,33,1000,194,194000.00,2019-10-22 10:37:36.778753
1059,2019102101002389,MEGA,35,33,50,194,9700.00,2019-10-22 10:37:36.778753
1060,2019102101002390,MEGA,56,33,10,194,1940.00,2019-10-22 10:37:36.778753
1061,2019102101002391,MEGA,35,33,10,194,1940.00,2019-10-22 10:37:36.778753
1062,2019102101002345,RMDC,37,37,50,606,30300.00,2019-10-22 10:37:36.778753
1063,2019102101002346,AKBSL,43,22,10,409,4090.00,2019-10-22 10:37:36.778753
1064,2019102101002347,BPCL,33,32,456,359,163704.00,2019-10-22 10:37:36.778753
1065,2019102101002348,GBLBS,45,45,5,309,1545.00,2019-10-22 10:37:36.778753
1066,2019102101002349,RMDC,37,37,50,606,30300.00,2019-10-22 10:37:36.778753
1067,2019102101002350,ALICL,43,21,10,314,3140.00,2019-10-22 10:37:36.778753
1068,2019102101002351,NBL,39,59,75,316,23700.00,2019-10-22 10:37:36.778753
1069,2019102101002352,AKBSL,22,44,10,410,4100.00,2019-10-22 10:37:36.778753
1070,2019102101002353,RHPL,16,49,30,165,4950.00,2019-10-22 10:37:36.778753
1071,2019102101002354,SICL,53,21,25,722,18050.00,2019-10-22 10:37:36.778753
1072,2019102101002355,SCB,44,49,20,563,11260.00,2019-10-22 10:37:36.778753
1073,2019102101002356,SCB,44,49,78,563,43914.00,2019-10-22 10:37:36.778753
1074,2019102101002357,CCBL,52,21,15,153,2295.00,2019-10-22 10:37:36.778753
1075,2019102101002358,NBL,41,19,1000,317,317000.00,2019-10-22 10:37:36.778753
1076,2019102101002359,NBL,41,50,1000,317,317000.00,2019-10-22 10:37:36.778753
1077,2019102101002360,CHCL,11,21,40,418,16720.00,2019-10-22 10:37:36.778753
1078,2019102101002361,SABSL,57,58,10,447,4470.00,2019-10-22 10:37:36.778753
1079,2019102101002362,NBL,41,50,1320,317,418440.00,2019-10-22 10:37:36.778753
1080,2019102101002363,NBL,41,43,500,317,158500.00,2019-10-22 10:37:36.778753
1081,2019102101002364,NBL,41,25,100,317,31700.00,2019-10-22 10:37:36.778753
1082,2019102101002320,RMDC,37,37,50,606,30300.00,2019-10-22 10:37:36.778753
1083,2019102101002321,CLBSL,45,45,10,467,4670.00,2019-10-22 10:37:36.778753
1084,2019102101002322,TRH,36,4,30,284,8520.00,2019-10-22 10:37:36.778753
1085,2019102101002323,TRH,36,4,30,284,8520.00,2019-10-22 10:37:36.778753
1086,2019102101002324,SPARS,45,45,10,524,5240.00,2019-10-22 10:37:36.778753
1087,2019102101002325,BPCL,33,44,22,359,7898.00,2019-10-22 10:37:36.778753
1088,2019102101002326,RHPL,22,22,40,165,6600.00,2019-10-22 10:37:36.778753
1089,2019102101002327,UPPER,41,39,50,235,11750.00,2019-10-22 10:37:36.778753
1090,2019102101002328,CCBL,45,14,90,154,13860.00,2019-10-22 10:37:36.778753
1091,2019102101002329,SJCL,22,22,20,167,3340.00,2019-10-22 10:37:36.778753
1092,2019102101002330,CCBL,52,45,90,153,13770.00,2019-10-22 10:37:36.778753
1093,2019102101002331,NCCB,5,10,600,199,119400.00,2019-10-22 10:37:36.778753
1094,2019102101002332,NCCB,5,55,200,199,39800.00,2019-10-22 10:37:36.778753
1095,2019102101002333,SCB,51,35,95,564,53580.00,2019-10-22 10:37:36.778753
1096,2019102101002334,SCB,51,35,25,564,14100.00,2019-10-22 10:37:36.778753
1097,2019102101002335,SCB,44,35,10,563,5630.00,2019-10-22 10:37:36.778753
1098,2019102101002336,KSBBL,39,59,331,143,47333.00,2019-10-22 10:37:36.778753
1099,2019102101002337,KSBBL,39,47,1000,143,143000.00,2019-10-22 10:37:36.778753
1100,2019102101002338,KSBBL,39,42,50,143,7150.00,2019-10-22 10:37:36.778753
1101,2019102101002339,PRVU,55,17,960,264,253440.00,2019-10-22 10:37:36.778753
1102,2019102101002340,NCCB,58,3,10,200,2000.00,2019-10-22 10:37:36.778753
1103,2019102101002341,ILBS,22,22,10,417,4170.00,2019-10-22 10:37:36.778753
1104,2019102101002342,NBL,39,45,1000,316,316000.00,2019-10-22 10:37:36.778753
1105,2019102101002343,ADBL,25,21,20,412,8240.00,2019-10-22 10:37:36.778753
1106,2019102101002344,MERO,39,49,33,548,18084.00,2019-10-22 10:37:36.778753
1107,2019102101002304,PRVU,34,21,10,263,2630.00,2019-10-22 10:37:36.778753
1108,2019102101002305,AKBSL,43,18,10,408,4080.00,2019-10-22 10:37:36.778753
1109,2019102101002306,NHPC,56,44,490,52,25480.00,2019-10-22 10:37:36.778753
1110,2019102101002307,NHPC,41,44,10,52,520.00,2019-10-22 10:37:36.778753
1111,2019102101002308,PPCL,21,22,20,93,1860.00,2019-10-22 10:37:36.778753
1112,2019102101002309,PRVU,49,17,960,264,253440.00,2019-10-22 10:37:36.778753
1113,2019102101002310,PRVU,49,17,40,264,10560.00,2019-10-22 10:37:36.778753
1114,2019102101002311,BOKL,44,37,936,227,212472.00,2019-10-22 10:37:36.778753
1115,2019102101002312,MLBL,4,56,81,214,17334.00,2019-10-22 10:37:36.778753
1116,2019102101002313,EBL,44,44,446,546,243516.00,2019-10-22 10:37:36.778753
1117,2019102101002314,SHINE,39,26,1321,252,332892.00,2019-10-22 10:37:36.778753
1118,2019102101002315,BOKL,44,37,42,227,9534.00,2019-10-22 10:37:36.778753
1119,2019102101002316,PROFL,56,32,10,97,970.00,2019-10-22 10:37:36.778753
1120,2019102101002317,PRVU,34,29,371,263,97573.00,2019-10-22 10:37:36.778753
1121,2019102101002318,PRVU,35,29,29,263,7627.00,2019-10-22 10:37:36.778753
1122,2019102101002319,MNBBL,10,44,1500,308,462000.00,2019-10-22 10:37:36.778753
1123,2019102101002291,MEGA,53,21,65,194,12610.00,2019-10-22 10:37:36.778753
1124,2019102101002292,SAPDBL,16,49,1327,120,159240.00,2019-10-22 10:37:36.778753
1125,2019102101002293,SAPDBL,32,49,353,120,42360.00,2019-10-22 10:37:36.778753
1126,2019102101002294,RRHP,47,44,10,100,1000.00,2019-10-22 10:37:36.778753
1127,2019102101002295,API,1,56,1500,108,162000.00,2019-10-22 10:37:36.778753
1128,2019102101002296,HDL,43,39,50,1435,71750.00,2019-10-22 10:37:36.778753
1129,2019102101002297,HDL,19,39,30,1435,43050.00,2019-10-22 10:37:36.778753
1130,2019102101002298,NBL,39,44,284,316,89744.00,2019-10-22 10:37:36.778753
1131,2019102101002299,NBL,39,44,216,316,68256.00,2019-10-22 10:37:36.778753
1132,2019102101002300,API,26,22,208,107,22256.00,2019-10-22 10:37:36.778753
1133,2019102101002301,NBB,13,21,60,210,12600.00,2019-10-22 10:37:36.778753
1134,2019102101002302,RADHI,22,10,11,132,1452.00,2019-10-22 10:37:36.778753
1135,2019102101002303,DBBL,34,58,50,125,6250.00,2019-10-22 10:37:36.778753
1136,2019102101002283,SHIVM,32,44,50,483,24150.00,2019-10-22 10:37:36.778753
1137,2019102101002284,MBL,14,21,1000,222,222000.00,2019-10-22 10:37:36.778753
1138,2019102101002285,SCB,51,38,30,564,16920.00,2019-10-22 10:37:36.778753
1139,2019102101002286,PRVU,33,17,260,264,68640.00,2019-10-22 10:37:36.778753
1140,2019102101002287,PRVU,33,28,200,264,52800.00,2019-10-22 10:37:36.778753
1141,2019102101002288,PRVU,33,17,40,264,10560.00,2019-10-22 10:37:36.778753
1142,2019102101002289,CZBIL,42,25,21,192,4032.00,2019-10-22 10:37:36.778753
1143,2019102101002290,PCBL,57,35,36,265,9540.00,2019-10-22 10:37:36.778753
1144,2019102101002261,SBL,42,21,15,291,4365.00,2019-10-22 10:37:36.778753
1145,2019102101002262,EBL,56,29,50,545,27250.00,2019-10-22 10:37:36.778753
1146,2019102101002263,NUBL,6,21,100,860,86000.00,2019-10-22 10:37:36.778753
1147,2019102101002264,NUBL,34,21,400,859,343600.00,2019-10-22 10:37:36.778753
1148,2019102101002265,SJCL,41,44,20,166,3320.00,2019-10-22 10:37:36.778753
1149,2019102101002266,NTC,54,41,110,618,67980.00,2019-10-22 10:37:36.778753
1150,2019102101002267,UPPER,41,39,10,235,2350.00,2019-10-22 10:37:36.778753
1151,2019102101002268,FOWAD,19,54,10,1285,12850.00,2019-10-22 10:37:36.778753
1152,2019102101002269,LBL,19,47,107,214,22898.00,2019-10-22 10:37:36.778753
1153,2019102101002270,BPCL,33,44,22,359,7898.00,2019-10-22 10:37:36.778753
1154,2019102101002271,PRIN,41,29,96,310,29760.00,2019-10-22 10:37:36.778753
1155,2019102101002272,NCCB,58,26,10,199,1990.00,2019-10-22 10:37:36.778753
1156,2019102101002273,RHPL,39,42,10,166,1660.00,2019-10-22 10:37:36.778753
1157,2019102101002274,RHPL,39,42,10,166,1660.00,2019-10-22 10:37:36.778753
1158,2019102101002275,RHPL,39,49,20,166,3320.00,2019-10-22 10:37:36.778753
1159,2019102101002276,MNBBL,10,44,620,308,190960.00,2019-10-22 10:37:36.778753
1160,2019102101002277,MNBBL,49,44,100,308,30800.00,2019-10-22 10:37:36.778753
1161,2019102101002278,MNBBL,28,44,500,308,154000.00,2019-10-22 10:37:36.778753
1162,2019102101002279,MNBBL,10,44,500,308,154000.00,2019-10-22 10:37:36.778753
1163,2019102101002280,SHINE,22,26,56,252,14112.00,2019-10-22 10:37:36.778753
1164,2019102101002281,LICN,10,21,25,980,24500.00,2019-10-22 10:37:36.778753
1165,2019102101002282,SCB,51,32,20,564,11280.00,2019-10-22 10:37:36.778753
1166,2019102101002246,NLIC,4,49,500,777,388500.00,2019-10-22 10:37:36.778753
1167,2019102101002247,NADEP,58,47,20,396,7920.00,2019-10-22 10:37:36.778753
1168,2019102101002248,NADEP,58,19,20,397,7940.00,2019-10-22 10:37:36.778753
1169,2019102101002249,NADEP,58,57,20,398,7960.00,2019-10-22 10:37:36.778753
1170,2019102101002250,RADHI,22,53,10,134,1340.00,2019-10-22 10:37:36.778753
1171,2019102101002251,UPPER,39,39,10,236,2360.00,2019-10-22 10:37:36.778753
1172,2019102101002252,UPPER,39,39,30,236,7080.00,2019-10-22 10:37:36.778753
1173,2019102101002253,PRVU,39,17,20,264,5280.00,2019-10-22 10:37:36.778753
1174,2019102101002254,GFCL,1,17,20,133,2660.00,2019-10-22 10:37:36.778753
1175,2019102101002255,MLBBL,48,21,10,430,4300.00,2019-10-22 10:37:36.778753
1176,2019102101002256,MERO,29,49,100,549,54900.00,2019-10-22 10:37:36.778753
1177,2019102101002257,NLIC,4,21,90,776,69840.00,2019-10-22 10:37:36.778753
1178,2019102101002258,SJCL,39,39,20,167,3340.00,2019-10-22 10:37:36.778753
1179,2019102101002259,RHPL,19,44,40,164,6560.00,2019-10-22 10:37:36.778753
1180,2019102101002260,NIL,51,29,56,357,19992.00,2019-10-22 10:37:36.778753
1181,2019102101002224,NGPL,39,21,10,98,980.00,2019-10-22 10:37:36.778753
1182,2019102101002225,CBBL,44,58,50,964,48200.00,2019-10-22 10:37:36.778753
1183,2019102101002226,RHPL,19,16,10,164,1640.00,2019-10-22 10:37:36.778753
1184,2019102101002227,NLG,11,11,2,549,1098.00,2019-10-22 10:37:36.778753
1185,2019102101002228,EBL,26,35,21,546,11466.00,2019-10-22 10:37:36.778753
1186,2019102101002229,API,13,56,1000,108,108000.00,2019-10-22 10:37:36.778753
1187,2019102101002230,PRVU,45,17,200,264,52800.00,2019-10-22 10:37:36.778753
1188,2019102101002231,SJCL,41,16,10,166,1660.00,2019-10-22 10:37:36.778753
1189,2019102101002232,NIB,16,32,22,445,9790.00,2019-10-22 10:37:36.778753
1190,2019102101002233,VLBS,45,26,60,546,32760.00,2019-10-22 10:37:36.778753
1191,2019102101002234,MDB,54,3,34,249,8466.00,2019-10-22 10:37:36.778753
1192,2019102101002235,EBL,26,44,84,546,45864.00,2019-10-22 10:37:36.778753
1193,2019102101002236,EBL,43,44,100,546,54600.00,2019-10-22 10:37:36.778753
1194,2019102101002237,EBL,26,44,200,546,109200.00,2019-10-22 10:37:36.778753
1195,2019102101002238,EBL,52,44,100,546,54600.00,2019-10-22 10:37:36.778753
1196,2019102101002239,EBL,32,44,20,546,10920.00,2019-10-22 10:37:36.778753
1197,2019102101002240,EBL,52,44,50,546,27300.00,2019-10-22 10:37:36.778753
1198,2019102101002241,SANIMA,38,28,120,306,36720.00,2019-10-22 10:37:36.778753
1199,2019102101002242,GFCL,21,17,30,134,4020.00,2019-10-22 10:37:36.778753
1200,2019102101002243,NLG,11,11,2,549,1098.00,2019-10-22 10:37:36.778753
1201,2019102101002244,RHPL,34,28,50,165,8250.00,2019-10-22 10:37:36.778753
1202,2019102101002245,RHPL,34,39,40,165,6600.00,2019-10-22 10:37:36.778753
1203,2019102101002208,PRVU,35,17,20,264,5280.00,2019-10-22 10:37:36.778753
1204,2019102101002209,KRBL,1,22,100,103,10300.00,2019-10-22 10:37:36.778753
1205,2019102101002210,RRHP,39,39,10,101,1010.00,2019-10-22 10:37:36.778753
1206,2019102101002211,BPCL,11,16,11,358,3938.00,2019-10-22 10:37:36.778753
1207,2019102101002212,GLBSL,45,22,15,415,6225.00,2019-10-22 10:37:36.778753
1208,2019102101002213,SJCL,41,44,10,166,1660.00,2019-10-22 10:37:36.778753
1209,2019102101002214,SANIMA,38,36,238,306,72828.00,2019-10-22 10:37:36.778753
1210,2019102101002215,GBLBS,39,16,10,309,3090.00,2019-10-22 10:37:36.778753
1211,2019102101002216,GBLBS,59,16,5,309,1545.00,2019-10-22 10:37:36.778753
1212,2019102101002217,RHPL,39,28,40,165,6600.00,2019-10-22 10:37:36.778753
1213,2019102101002218,NLG,11,11,2,549,1098.00,2019-10-22 10:37:36.778753
1214,2019102101002219,BPCL,11,29,73,358,26134.00,2019-10-22 10:37:36.778753
1215,2019102101002220,BPCL,45,29,127,358,45466.00,2019-10-22 10:37:36.778753
1216,2019102101002221,NCCB,44,21,115,198,22770.00,2019-10-22 10:37:36.778753
1217,2019102101002222,RHPL,19,39,40,164,6560.00,2019-10-22 10:37:36.778753
1218,2019102101002223,NBB,13,44,45,210,9450.00,2019-10-22 10:37:36.778753
1219,2019102101002181,ADBL,44,58,25,413,10325.00,2019-10-22 10:37:36.778753
1220,2019102101002182,PIC,43,50,134,364,48776.00,2019-10-22 10:37:36.778753
1221,2019102101002183,RHPL,19,26,20,164,3280.00,2019-10-22 10:37:36.778753
1222,2019102101002184,PRVU,34,17,400,263,105200.00,2019-10-22 10:37:36.778753
1223,2019102101002185,PRVU,32,17,250,263,65750.00,2019-10-22 10:37:36.778753
1224,2019102101002186,PRVU,10,17,500,263,131500.00,2019-10-22 10:37:36.778753
1225,2019102101002187,PRVU,34,17,119,263,31297.00,2019-10-22 10:37:36.778753
1226,2019102101002188,SJCL,38,44,20,166,3320.00,2019-10-22 10:37:36.778753
1227,2019102101002189,NLG,11,11,2,549,1098.00,2019-10-22 10:37:36.778753
1228,2019102101002190,SJCL,38,26,10,166,1660.00,2019-10-22 10:37:36.778753
1229,2019102101002191,SJCL,41,26,10,166,1660.00,2019-10-22 10:37:36.778753
1230,2019102101002192,CCBL,10,22,190,153,29070.00,2019-10-22 10:37:36.778753
1231,2019102101002193,DBBL,32,32,3621,125,452625.00,2019-10-22 10:37:36.778753
1232,2019102101002194,NIBPO,14,49,500,409,204500.00,2019-10-22 10:37:36.778753
1233,2019102101002195,PRVU,34,17,1500,263,394500.00,2019-10-22 10:37:36.778753
1234,2019102101002196,RHPL,19,44,40,164,6560.00,2019-10-22 10:37:36.778753
1235,2019102101002197,KBL,58,21,260,181,47060.00,2019-10-22 10:37:36.778753
1236,2019102101002198,UPPER,39,29,10,236,2360.00,2019-10-22 10:37:36.778753
1237,2019102101002199,UPPER,39,39,30,236,7080.00,2019-10-22 10:37:36.778753
1238,2019102101002200,PRVU,44,17,1000,264,264000.00,2019-10-22 10:37:36.778753
1239,2019102101002201,MEGA,32,22,395,194,76630.00,2019-10-22 10:37:36.778753
1240,2019102101002202,MEGA,53,22,405,194,78570.00,2019-10-22 10:37:36.778753
1241,2019102101002203,CCBL,10,35,287,153,43911.00,2019-10-22 10:37:36.778753
1242,2019102101002204,CCBL,52,35,13,153,1989.00,2019-10-22 10:37:36.778753
1243,2019102101002205,RHPL,19,44,20,164,3280.00,2019-10-22 10:37:36.778753
1244,2019102101002206,SJCL,39,39,20,167,3340.00,2019-10-22 10:37:36.778753
1245,2019102101002207,NABIL,43,6,200,759,151800.00,2019-10-22 10:37:36.778753
1246,2019102101002168,SJCL,38,16,10,166,1660.00,2019-10-22 10:37:36.778753
1247,2019102101002169,SANIMA,35,44,88,308,27104.00,2019-10-22 10:37:36.778753
1248,2019102101002170,CCBL,10,21,115,153,17595.00,2019-10-22 10:37:36.778753
1249,2019102101002171,ILBS,18,26,10,415,4150.00,2019-10-22 10:37:36.778753
1250,2019102101002172,API,39,21,15,109,1635.00,2019-10-22 10:37:36.778753
1251,2019102101002173,GLBSL,55,45,10,415,4150.00,2019-10-22 10:37:36.778753
1252,2019102101002174,GLBSL,45,45,50,415,20750.00,2019-10-22 10:37:36.778753
1253,2019102101002175,PIC,6,44,11,363,3993.00,2019-10-22 10:37:36.778753
1254,2019102101002176,RHPL,19,16,10,164,1640.00,2019-10-22 10:37:36.778753
1255,2019102101002177,GBLBS,59,16,15,309,4635.00,2019-10-22 10:37:36.778753
1256,2019102101002178,ILBS,18,22,10,415,4150.00,2019-10-22 10:37:36.778753
1257,2019102101002179,AKBSL,43,26,10,408,4080.00,2019-10-22 10:37:36.778753
1258,2019102101002180,SABSL,57,22,10,447,4470.00,2019-10-22 10:37:36.778753
1259,2019102101002145,SIL,39,44,100,369,36900.00,2019-10-22 10:37:36.778753
1260,2019102101002146,RHPL,39,28,40,165,6600.00,2019-10-22 10:37:36.778753
1261,2019102101002147,SJCL,38,44,10,166,1660.00,2019-10-22 10:37:36.778753
1262,2019102101002148,SJCL,39,39,20,167,3340.00,2019-10-22 10:37:36.778753
1263,2019102101002149,PRVU,38,17,1368,264,361152.00,2019-10-22 10:37:36.778753
1264,2019102101002150,PRVU,22,17,50,264,13200.00,2019-10-22 10:37:36.778753
1265,2019102101002151,PRVU,38,17,1800,264,475200.00,2019-10-22 10:37:36.778753
1266,2019102101002152,PRVU,56,17,13,264,3432.00,2019-10-22 10:37:36.778753
1267,2019102101002153,PRVU,25,17,500,264,132000.00,2019-10-22 10:37:36.778753
1268,2019102101002154,NBL,39,41,315,316,99540.00,2019-10-22 10:37:36.778753
1269,2019102101002155,HPPL,45,44,10,139,1390.00,2019-10-22 10:37:36.778753
1270,2019102101002156,RHPL,19,44,40,164,6560.00,2019-10-22 10:37:36.778753
1271,2019102101002157,UPPER,39,29,40,236,9440.00,2019-10-22 10:37:36.778753
1272,2019102101002158,SJCL,38,44,20,166,3320.00,2019-10-22 10:37:36.778753
1273,2019102101002159,NICL,33,45,10,260,2600.00,2019-10-22 10:37:36.778753
1274,2019102101002160,NICL,29,45,84,260,21840.00,2019-10-22 10:37:36.778753
1275,2019102101002161,BARUN,13,21,10,87,870.00,2019-10-22 10:37:36.778753
1276,2019102101002162,BOKL,44,25,64,227,14528.00,2019-10-22 10:37:36.778753
1277,2019102101002163,SBL,51,26,52,293,15236.00,2019-10-22 10:37:36.778753
1278,2019102101002164,SHL,6,42,150,207,31050.00,2019-10-22 10:37:36.778753
1279,2019102101002165,UPPER,41,39,40,235,9400.00,2019-10-22 10:37:36.778753
1280,2019102101002166,LBL,11,42,10,214,2140.00,2019-10-22 10:37:36.778753
1281,2019102101002167,LBL,42,42,40,213,8520.00,2019-10-22 10:37:36.778753
1282,2019102101002120,SAPDBL,32,17,276,120,33120.00,2019-10-22 10:37:36.778753
1283,2019102101002121,NGPL,39,44,11,98,1078.00,2019-10-22 10:37:36.778753
1284,2019102101002122,FMDBL,57,57,172,311,53492.00,2019-10-22 10:37:36.778753
1285,2019102101002123,RHPL,19,39,40,164,6560.00,2019-10-22 10:37:36.778753
1286,2019102101002124,API,51,32,2000,108,216000.00,2019-10-22 10:37:36.778753
1287,2019102101002125,API,41,32,82,107,8774.00,2019-10-22 10:37:36.778753
1288,2019102101002126,API,58,32,50,107,5350.00,2019-10-22 10:37:36.778753
1289,2019102101002127,API,26,32,268,107,28676.00,2019-10-22 10:37:36.778753
1290,2019102101002128,RHPL,19,44,40,164,6560.00,2019-10-22 10:37:36.778753
1291,2019102101002129,HPPL,52,47,10,140,1400.00,2019-10-22 10:37:36.778753
1292,2019102101002130,RHPL,19,44,30,164,4920.00,2019-10-22 10:37:36.778753
1293,2019102101002131,ADBL,28,21,40,412,16480.00,2019-10-22 10:37:36.778753
1294,2019102101002132,ADBL,25,21,30,412,12360.00,2019-10-22 10:37:36.778753
1295,2019102101002133,SADBL,36,14,220,136,29920.00,2019-10-22 10:37:36.778753
1296,2019102101002134,SADBL,17,14,10,136,1360.00,2019-10-22 10:37:36.778753
1297,2019102101002135,RHPC,47,44,14,76,1064.00,2019-10-22 10:37:36.778753
1298,2019102101002136,SAPDBL,32,17,199,120,23880.00,2019-10-22 10:37:36.778753
1299,2019102101002137,SAPDBL,16,17,77,120,9240.00,2019-10-22 10:37:36.778753
1300,2019102101002138,SJCL,38,44,20,166,3320.00,2019-10-22 10:37:36.778753
1301,2019102101002139,ALICL,43,21,25,314,7850.00,2019-10-22 10:37:36.778753
1302,2019102101002140,NHPC,56,47,10,52,520.00,2019-10-22 10:37:36.778753
1303,2019102101002141,HPPL,52,44,40,140,5600.00,2019-10-22 10:37:36.778753
1304,2019102101002142,RHPL,19,44,40,164,6560.00,2019-10-22 10:37:36.778753
1305,2019102101002143,SAPDBL,16,17,276,120,33120.00,2019-10-22 10:37:36.778753
1306,2019102101002144,CHCL,11,37,203,418,84854.00,2019-10-22 10:37:36.778753
1307,2019102101002092,API,34,32,500,107,53500.00,2019-10-22 10:37:36.778753
1308,2019102101002093,API,38,32,1000,107,107000.00,2019-10-22 10:37:36.778753
1309,2019102101002094,API,8,32,500,107,53500.00,2019-10-22 10:37:36.778753
1310,2019102101002095,API,41,32,100,107,10700.00,2019-10-22 10:37:36.778753
1311,2019102101002096,API,41,32,900,107,96300.00,2019-10-22 10:37:36.778753
1312,2019102101002097,CBL,34,14,223,141,31443.00,2019-10-22 10:37:36.778753
1313,2019102101002098,NBL,39,57,250,316,79000.00,2019-10-22 10:37:36.778753
1314,2019102101002099,EIC,38,38,80,223,17840.00,2019-10-22 10:37:36.778753
1315,2019102101002100,EIC,7,38,80,222,17760.00,2019-10-22 10:37:36.778753
1316,2019102101002101,EIC,22,38,30,222,6660.00,2019-10-22 10:37:36.778753
1317,2019102101002102,API,41,44,18,107,1926.00,2019-10-22 10:37:36.778753
1318,2019102101002103,RHPL,19,29,10,164,1640.00,2019-10-22 10:37:36.778753
1319,2019102101002104,HIDCL,54,14,28,137,3836.00,2019-10-22 10:37:36.778753
1320,2019102101002105,SABSL,57,37,10,447,4470.00,2019-10-22 10:37:36.778753
1321,2019102101002106,SJCL,39,29,10,167,1670.00,2019-10-22 10:37:36.778753
1322,2019102101002107,PRVU,17,50,100,265,26500.00,2019-10-22 10:37:36.778753
1323,2019102101002108,API,51,29,400,108,43200.00,2019-10-22 10:37:36.778753
1324,2019102101002109,CHCL,11,1,16,418,6688.00,2019-10-22 10:37:36.778753
1325,2019102101002110,BPCL,11,16,11,358,3938.00,2019-10-22 10:37:36.778753
1326,2019102101002111,RHPL,19,44,40,164,6560.00,2019-10-22 10:37:36.778753
1327,2019102101002112,SHL,6,32,300,207,62100.00,2019-10-22 10:37:36.778753
1328,2019102101002113,MEGA,32,14,93,194,18042.00,2019-10-22 10:37:36.778753
1329,2019102101002114,AKPL,42,44,13,133,1729.00,2019-10-22 10:37:36.778753
1330,2019102101002115,NLIC,4,47,22,776,17072.00,2019-10-22 10:37:36.778753
