S.N,Contract_No,Stock_Symbol,Buyer_Broker,Seller_Broker,Quantity,Rate,Amount,Date
1,2019112001005241,RHPL,55,19,30,164,4920.00,2019-11-21 10:51:37.719265
2,2019112001005242,HBL,25,8,10,490,4900.00,2019-11-21 10:51:37.719265
3,2019112001005243,NABIL,50,8,29,754,21866.00,2019-11-21 10:51:37.719265
4,2019112001005244,SCB,41,17,30,550,16500.00,2019-11-21 10:51:37.719265
5,2019112001005245,SANIMA,39,54,598,305,182390.00,2019-11-21 10:51:37.719265
6,2019112001005246,SANIMA,34,54,50,305,15250.00,2019-11-21 10:51:37.719265
7,2019112001005247,SANIMA,38,54,100,305,30500.00,2019-11-21 10:51:37.719265
8,2019112001005248,SANIMA,36,54,80,305,24400.00,2019-11-21 10:51:37.719265
9,2019112001005249,CCBL,59,33,300,163,48900.00,2019-11-21 10:51:37.719265
10,2019112001005250,PLIC,45,4,15,307,4605.00,2019-11-21 10:51:37.719265
11,2019112001005251,PLIC,45,4,385,307,118195.00,2019-11-21 10:51:37.719265
12,2019112001005252,SBI,49,34,29,391,11339.00,2019-11-21 10:51:37.719265
13,2019112001005253,HGI,34,34,190,243,46170.00,2019-11-21 10:51:37.719265
14,2019112001005254,CBBL,19,57,200,970,194000.00,2019-11-21 10:51:37.719265
15,2019112001005255,NGPL,43,51,155,109,16895.00,2019-11-21 10:51:37.719265
16,2019112001005256,NGPL,34,51,1000,109,109000.00,2019-11-21 10:51:37.719265
17,2019112001005257,NGPL,7,51,200,109,21800.00,2019-11-21 10:51:37.719265
18,2019112001005258,SLBBL,33,52,50,608,30400.00,2019-11-21 10:51:37.719265
19,2019112001005259,UMHL,45,43,66,102,6732.00,2019-11-21 10:51:37.719265
20,2019112001005260,NIBPO,25,51,10,389,3890.00,2019-11-21 10:51:37.719265
21,2019112001005261,SBI,49,43,200,391,78200.00,2019-11-21 10:51:37.719265
22,2019112001005262,SJCL,40,19,20,157,3140.00,2019-11-21 10:51:37.719265
23,2019112001005263,CBL,51,22,229,137,31373.00,2019-11-21 10:51:37.719265
24,2019112001005264,CBL,42,22,200,137,27400.00,2019-11-21 10:51:37.719265
25,2019112001005265,CBL,33,22,300,137,41100.00,2019-11-21 10:51:37.719265
26,2019112001005266,CBL,49,22,171,137,23427.00,2019-11-21 10:51:37.719265
27,2019112001005267,UPPER,45,22,300,227,68100.00,2019-11-21 10:51:37.719265
28,2019112001005268,VLBS,55,22,100,589,58900.00,2019-11-21 10:51:37.719265
29,2019112001005269,PFL,13,39,200,135,27000.00,2019-11-21 10:51:37.719265
30,2019112001005270,RSDC,37,41,100,284,28400.00,2019-11-21 10:51:37.719265
31,2019112001005271,RSDC,8,41,50,284,14200.00,2019-11-21 10:51:37.719265
32,2019112001005272,RSDC,17,41,50,284,14200.00,2019-11-21 10:51:37.719265
33,2019112001005273,RSDC,43,41,40,284,11360.00,2019-11-21 10:51:37.719265
34,2019112001005274,SABSL,57,13,29,547,15863.00,2019-11-21 10:51:37.719265
35,2019112001005275,PRVU,4,49,350,229,80150.00,2019-11-21 10:51:37.719265
36,2019112001005276,AKPL,10,38,191,116,22156.00,2019-11-21 10:51:37.719265
37,2019112001005277,AKPL,34,38,200,116,23200.00,2019-11-21 10:51:37.719265
38,2019112001005278,AKPL,8,38,200,116,23200.00,2019-11-21 10:51:37.719265
39,2019112001005279,AKPL,33,38,400,116,46400.00,2019-11-21 10:51:37.719265
40,2019112001005280,AKPL,1,38,1000,115,115000.00,2019-11-21 10:51:37.719265
41,2019112001005281,AKPL,21,38,640,115,73600.00,2019-11-21 10:51:37.719265
42,2019112001005282,AKPL,57,38,500,115,57500.00,2019-11-21 10:51:37.719265
43,2019112001005283,AKPL,25,38,200,115,23000.00,2019-11-21 10:51:37.719265
44,2019112001005284,AKPL,34,38,200,115,23000.00,2019-11-21 10:51:37.719265
45,2019112001005285,SANIMA,58,54,10,305,3050.00,2019-11-21 10:51:37.719265
46,2019112001005286,SANIMA,58,54,10,306,3060.00,2019-11-21 10:51:37.719265
47,2019112001005287,NBL,52,17,300,317,95100.00,2019-11-21 10:51:37.719265
48,2019112001005288,NBB,35,58,300,204,61200.00,2019-11-21 10:51:37.719265
49,2019112001005289,NLICL,38,56,30,424,12720.00,2019-11-21 10:51:37.719265
50,2019112001005290,SABSL,22,34,50,546,27300.00,2019-11-21 10:51:37.719265
51,2019112001005291,NABIL,11,58,100,753,75300.00,2019-11-21 10:51:37.719265
52,2019112001005292,NABIL,32,58,25,753,18825.00,2019-11-21 10:51:37.719265
53,2019112001005293,NABIL,28,58,150,753,112950.00,2019-11-21 10:51:37.719265
54,2019112001005294,NABIL,45,58,200,753,150600.00,2019-11-21 10:51:37.719265
55,2019112001005295,NABIL,44,58,100,753,75300.00,2019-11-21 10:51:37.719265
56,2019112001005296,NABIL,55,58,400,753,301200.00,2019-11-21 10:51:37.719265
57,2019112001005297,NABIL,32,58,100,753,75300.00,2019-11-21 10:51:37.719265
58,2019112001005298,NABIL,32,58,100,753,75300.00,2019-11-21 10:51:37.719265
59,2019112001005299,NABIL,58,58,80,752,60160.00,2019-11-21 10:51:37.719265
60,2019112001005300,NABIL,50,58,40,752,30080.00,2019-11-21 10:51:37.719265
61,2019112001005301,NABIL,28,58,100,752,75200.00,2019-11-21 10:51:37.719265
62,2019112001005302,NABIL,56,58,40,752,30080.00,2019-11-21 10:51:37.719265
63,2019112001005303,NABIL,41,58,1000,751,751000.00,2019-11-21 10:51:37.719265
64,2019112001005304,NABIL,21,58,10,751,7510.00,2019-11-21 10:51:37.719265
65,2019112001005305,NABIL,56,58,15,750,11250.00,2019-11-21 10:51:37.719265
66,2019112001005306,NABIL,22,58,40,750,30000.00,2019-11-21 10:51:37.719265
67,2019112001005307,NABIL,49,58,1000,750,750000.00,2019-11-21 10:51:37.719265
68,2019112001005308,NABIL,55,58,400,750,300000.00,2019-11-21 10:51:37.719265
69,2019112001005309,NABIL,49,58,1000,750,750000.00,2019-11-21 10:51:37.719265
70,2019112001005310,NABIL,56,58,40,750,30000.00,2019-11-21 10:51:37.719265
71,2019112001005311,NABIL,34,58,300,750,225000.00,2019-11-21 10:51:37.719265
72,2019112001005312,NABIL,41,58,20,750,15000.00,2019-11-21 10:51:37.719265
73,2019112001005313,NABIL,43,58,125,750,93750.00,2019-11-21 10:51:37.719265
74,2019112001005314,CZBIL,6,17,500,184,92000.00,2019-11-21 10:51:37.719265
75,2019112001005315,NTC,49,50,460,623,286580.00,2019-11-21 10:51:37.719265
76,2019112001005316,NBB,10,32,80,203,16240.00,2019-11-21 10:51:37.719265
77,2019112001005317,PICL,44,10,120,394,47280.00,2019-11-21 10:51:37.719265
78,2019112001005318,GBBL,45,49,968,225,217800.00,2019-11-21 10:51:37.719265
79,2019112001005319,NLBBL,50,22,20,500,10000.00,2019-11-21 10:51:37.719265
80,2019112001005320,GILB,36,8,13,733,9529.00,2019-11-21 10:51:37.719265
81,2019112001005321,NABIL,6,58,615,750,461250.00,2019-11-21 10:51:37.719265
82,2019112001005322,NABIL,6,58,19385,750,14538750.00,2019-11-21 10:51:37.719265
83,2019112001005323,NLIC,55,39,100,794,79400.00,2019-11-21 10:51:37.719265
84,2019112001005324,MLBL,32,52,1000,176,176000.00,2019-11-21 10:51:37.719265
85,2019112001005325,LBL,40,32,1000,217,217000.00,2019-11-21 10:51:37.719265
86,2019112001005326,NCCB,58,43,115,200,23000.00,2019-11-21 10:51:37.719265
87,2019112001005327,NCCB,58,46,10,201,2010.00,2019-11-21 10:51:37.719265
88,2019112001005328,NCCB,33,46,140,201,28140.00,2019-11-21 10:51:37.719265
89,2019112001005178,NIL,53,48,100,377,37700.00,2019-11-21 10:51:37.719265
90,2019112001005179,SHIVM,16,37,740,416,307840.00,2019-11-21 10:51:37.719265
91,2019112001005180,SHIVM,17,37,100,416,41600.00,2019-11-21 10:51:37.719265
92,2019112001005181,SHPC,46,46,100,186,18600.00,2019-11-21 10:51:37.719265
93,2019112001005182,SABSL,59,59,10,545,5450.00,2019-11-21 10:51:37.719265
94,2019112001005183,SABSL,59,56,10,545,5450.00,2019-11-21 10:51:37.719265
95,2019112001005184,CCBL,22,33,15,163,2445.00,2019-11-21 10:51:37.719265
96,2019112001005185,MEGA,43,8,10,185,1850.00,2019-11-21 10:51:37.719265
97,2019112001005186,SAPDBL,10,7,137,121,16577.00,2019-11-21 10:51:37.719265
98,2019112001005187,OHL,44,44,100,413,41300.00,2019-11-21 10:51:37.719265
99,2019112001005188,SABSL,59,47,10,545,5450.00,2019-11-21 10:51:37.719265
100,2019112001005189,NBL,17,46,90,317,28530.00,2019-11-21 10:51:37.719265
101,2019112001005190,SDESI,54,7,11,641,7051.00,2019-11-21 10:51:37.719265
102,2019112001005191,LBL,37,40,150,217,32550.00,2019-11-21 10:51:37.719265
103,2019112001005192,SABSL,59,56,10,545,5450.00,2019-11-21 10:51:37.719265
104,2019112001005193,SRBL,6,13,50,211,10550.00,2019-11-21 10:51:37.719265
105,2019112001005194,ADBL,38,22,169,416,70304.00,2019-11-21 10:51:37.719265
106,2019112001005195,ADBL,38,22,131,416,54496.00,2019-11-21 10:51:37.719265
107,2019112001005196,NMB,13,32,19,386,7334.00,2019-11-21 10:51:37.719265
108,2019112001005197,NMB,34,32,13,386,5018.00,2019-11-21 10:51:37.719265
109,2019112001005198,NMB,5,32,50,386,19300.00,2019-11-21 10:51:37.719265
110,2019112001005199,NMB,49,32,418,386,161348.00,2019-11-21 10:51:37.719265
111,2019112001005200,SABSL,59,1,95,545,51775.00,2019-11-21 10:51:37.719265
112,2019112001005201,NLIC,32,39,80,793,63440.00,2019-11-21 10:51:37.719265
113,2019112001005202,NLIC,55,39,220,793,174460.00,2019-11-21 10:51:37.719265
114,2019112001005203,CIT,19,26,10,1750,17500.00,2019-11-21 10:51:37.719265
115,2019112001005204,SHIVM,7,37,160,419,67040.00,2019-11-21 10:51:37.719265
116,2019112001005205,SABSL,42,58,20,545,10900.00,2019-11-21 10:51:37.719265
117,2019112001005206,SABSL,42,58,20,545,10900.00,2019-11-21 10:51:37.719265
118,2019112001005207,OHL,44,44,100,413,41300.00,2019-11-21 10:51:37.719265
119,2019112001005208,SABSL,19,22,10,545,5450.00,2019-11-21 10:51:37.719265
120,2019112001005209,PICL,56,38,50,390,19500.00,2019-11-21 10:51:37.719265
121,2019112001005210,PICL,44,38,300,390,117000.00,2019-11-21 10:51:37.719265
122,2019112001005211,PICL,34,10,100,394,39400.00,2019-11-21 10:51:37.719265
123,2019112001005212,PCBL,39,35,1506,276,415656.00,2019-11-21 10:51:37.719265
124,2019112001005213,PCBL,39,58,1000,276,276000.00,2019-11-21 10:51:37.719265
125,2019112001005214,NMB,49,32,500,386,193000.00,2019-11-21 10:51:37.719265
126,2019112001005215,PFL,32,47,13,136,1768.00,2019-11-21 10:51:37.719265
127,2019112001005216,SKBBL,39,4,22,930,20460.00,2019-11-21 10:51:37.719265
128,2019112001005217,NBL,6,46,167,317,52939.00,2019-11-21 10:51:37.719265
129,2019112001005218,FMDBL,29,47,100,305,30500.00,2019-11-21 10:51:37.719265
130,2019112001005219,LICN,14,59,20,969,19380.00,2019-11-21 10:51:37.719265
131,2019112001005220,HIDCL,55,14,99,131,12969.00,2019-11-21 10:51:37.719265
132,2019112001005221,HIDCL,19,14,200,131,26200.00,2019-11-21 10:51:37.719265
133,2019112001005222,HIDCL,19,14,890,130,115700.00,2019-11-21 10:51:37.719265
134,2019112001005223,HIDCL,34,14,200,130,26000.00,2019-11-21 10:51:37.719265
135,2019112001005224,HIDCL,34,14,100,130,13000.00,2019-11-21 10:51:37.719265
136,2019112001005225,HIDCL,34,14,500,130,65000.00,2019-11-21 10:51:37.719265
137,2019112001005226,HIDCL,58,14,11,130,1430.00,2019-11-21 10:51:37.719265
138,2019112001005227,NGPL,43,17,25,109,2725.00,2019-11-21 10:51:37.719265
139,2019112001005228,UPPER,25,28,20,228,4560.00,2019-11-21 10:51:37.719265
140,2019112001005229,MNBBL,16,49,1000,314,314000.00,2019-11-21 10:51:37.719265
141,2019112001005230,LBBL,46,1,380,169,64220.00,2019-11-21 10:51:37.719265
142,2019112001005231,LICN,7,59,50,956,47800.00,2019-11-21 10:51:37.719265
143,2019112001005232,LICN,26,59,50,955,47750.00,2019-11-21 10:51:37.719265
144,2019112001005233,NBL,3,17,20,317,6340.00,2019-11-21 10:51:37.719265
145,2019112001005234,PIC,57,20,100,350,35000.00,2019-11-21 10:51:37.719265
146,2019112001005235,NICA,32,45,73,410,29930.00,2019-11-21 10:51:37.719265
147,2019112001005236,NICA,42,45,50,410,20500.00,2019-11-21 10:51:37.719265
148,2019112001005237,CBBL,1,57,169,971,164099.00,2019-11-21 10:51:37.719265
149,2019112001005238,BPCL,33,36,100,347,34700.00,2019-11-21 10:51:37.719265
150,2019112001005239,BPCL,47,36,22,347,7634.00,2019-11-21 10:51:37.719265
151,2019112001005240,BPCL,26,36,56,347,19432.00,2019-11-21 10:51:37.719265
152,2019112001005113,SABSL,11,59,10,547,5470.00,2019-11-21 10:51:37.719265
153,2019112001005114,SABSL,11,13,21,547,11487.00,2019-11-21 10:51:37.719265
154,2019112001005115,NABIL,14,43,100,755,75500.00,2019-11-21 10:51:37.719265
155,2019112001005116,NICA,32,16,150,410,61500.00,2019-11-21 10:51:37.719265
156,2019112001005117,OHL,44,44,100,413,41300.00,2019-11-21 10:51:37.719265
157,2019112001005118,SBI,49,47,588,391,229908.00,2019-11-21 10:51:37.719265
158,2019112001005119,SBI,49,39,92,391,35972.00,2019-11-21 10:51:37.719265
159,2019112001005120,SBI,49,43,200,392,78400.00,2019-11-21 10:51:37.719265
160,2019112001005121,SBI,49,13,500,392,196000.00,2019-11-21 10:51:37.719265
161,2019112001005122,SBI,49,14,140,392,54880.00,2019-11-21 10:51:37.719265
162,2019112001005123,SBI,49,57,100,392,39200.00,2019-11-21 10:51:37.719265
163,2019112001005124,SABSL,59,22,10,545,5450.00,2019-11-21 10:51:37.719265
164,2019112001005125,NIB,25,25,125,424,53000.00,2019-11-21 10:51:37.719265
165,2019112001005126,NIB,22,25,85,423,35955.00,2019-11-21 10:51:37.719265
166,2019112001005127,SFFIL,14,54,80,168,13440.00,2019-11-21 10:51:37.719265
167,2019112001005128,OHL,44,44,100,413,41300.00,2019-11-21 10:51:37.719265
168,2019112001005129,NICL,13,25,28,251,7028.00,2019-11-21 10:51:37.719265
169,2019112001005130,NICL,6,25,88,251,22088.00,2019-11-21 10:51:37.719265
170,2019112001005131,ALICL,49,21,10,314,3140.00,2019-11-21 10:51:37.719265
171,2019112001005132,MNBBL,19,49,297,314,93258.00,2019-11-21 10:51:37.719265
172,2019112001005133,ALICL,28,25,364,316,115024.00,2019-11-21 10:51:37.719265
173,2019112001005134,MBL,38,32,26,221,5746.00,2019-11-21 10:51:37.719265
174,2019112001005135,MBL,47,32,74,221,16354.00,2019-11-21 10:51:37.719265
175,2019112001005136,FOWAD,16,52,16,1335,21360.00,2019-11-21 10:51:37.719265
176,2019112001005137,FOWAD,26,52,44,1323,58212.00,2019-11-21 10:51:37.719265
177,2019112001005138,SHL,57,4,100,211,21100.00,2019-11-21 10:51:37.719265
178,2019112001005139,SHL,34,4,200,211,42200.00,2019-11-21 10:51:37.719265
179,2019112001005140,SLBBL,45,5,20,608,12160.00,2019-11-21 10:51:37.719265
180,2019112001005141,LBBL,35,53,500,169,84500.00,2019-11-21 10:51:37.719265
181,2019112001005142,LBBL,1,53,41,169,6929.00,2019-11-21 10:51:37.719265
182,2019112001005143,LBBL,57,53,15,169,2535.00,2019-11-21 10:51:37.719265
183,2019112001005144,LBBL,55,53,180,169,30420.00,2019-11-21 10:51:37.719265
184,2019112001005145,LBBL,46,53,64,169,10816.00,2019-11-21 10:51:37.719265
185,2019112001005146,NLIC,32,44,19,793,15067.00,2019-11-21 10:51:37.719265
186,2019112001005147,NICA,32,45,500,410,205000.00,2019-11-21 10:51:37.719265
187,2019112001005148,OHL,44,44,100,413,41300.00,2019-11-21 10:51:37.719265
188,2019112001005149,SANIMA,47,5,168,306,51408.00,2019-11-21 10:51:37.719265
189,2019112001005150,SANIMA,47,54,32,306,9792.00,2019-11-21 10:51:37.719265
190,2019112001005151,ALICL,49,21,10,314,3140.00,2019-11-21 10:51:37.719265
191,2019112001005152,GMFBS,35,16,30,500,15000.00,2019-11-21 10:51:37.719265
192,2019112001005153,NICL,25,45,10,254,2540.00,2019-11-21 10:51:37.719265
193,2019112001005154,SABSL,59,22,10,545,5450.00,2019-11-21 10:51:37.719265
194,2019112001005155,MNBBL,16,25,455,314,142870.00,2019-11-21 10:51:37.719265
195,2019112001005156,CBL,43,32,10,138,1380.00,2019-11-21 10:51:37.719265
196,2019112001005157,SABSL,59,56,10,545,5450.00,2019-11-21 10:51:37.719265
197,2019112001005158,NBL,14,17,957,317,303369.00,2019-11-21 10:51:37.719265
198,2019112001005159,NBL,14,46,43,317,13631.00,2019-11-21 10:51:37.719265
199,2019112001005160,SINDU,49,58,749,120,89880.00,2019-11-21 10:51:37.719265
200,2019112001005161,SHIVM,29,37,70,417,29190.00,2019-11-21 10:51:37.719265
201,2019112001005162,SHIVM,10,37,200,417,83400.00,2019-11-21 10:51:37.719265
202,2019112001005163,SHIVM,16,37,120,416,49920.00,2019-11-21 10:51:37.719265
203,2019112001005164,SABSL,59,59,10,545,5450.00,2019-11-21 10:51:37.719265
204,2019112001005165,UMHL,45,22,20,102,2040.00,2019-11-21 10:51:37.719265
205,2019112001005166,HDL,35,7,10,1764,17640.00,2019-11-21 10:51:37.719265
206,2019112001005167,HDL,21,7,50,1764,88200.00,2019-11-21 10:51:37.719265
207,2019112001005168,HDL,55,7,20,1764,35280.00,2019-11-21 10:51:37.719265
208,2019112001005169,HDL,26,7,50,1763,88150.00,2019-11-21 10:51:37.719265
209,2019112001005170,HDL,45,7,10,1763,17630.00,2019-11-21 10:51:37.719265
210,2019112001005171,HDL,35,7,50,1762,88100.00,2019-11-21 10:51:37.719265
211,2019112001005172,HDL,22,7,30,1761,52830.00,2019-11-21 10:51:37.719265
212,2019112001005173,HDL,7,7,50,1761,88050.00,2019-11-21 10:51:37.719265
213,2019112001005174,HDL,32,7,200,1760,352000.00,2019-11-21 10:51:37.719265
214,2019112001005175,HDL,19,7,20,1760,35200.00,2019-11-21 10:51:37.719265
215,2019112001005176,OHL,44,44,100,413,41300.00,2019-11-21 10:51:37.719265
216,2019112001005177,DDBL,6,4,100,726,72600.00,2019-11-21 10:51:37.719265
217,2019112001005069,OHL,44,14,100,414,41400.00,2019-11-21 10:51:37.719265
218,2019112001005070,EBL,39,35,50,553,27650.00,2019-11-21 10:51:37.719265
219,2019112001005071,SHIVM,42,37,10,419,4190.00,2019-11-21 10:51:37.719265
220,2019112001005072,PRVU,37,38,214,229,49006.00,2019-11-21 10:51:37.719265
221,2019112001005073,PRVU,38,38,84,229,19236.00,2019-11-21 10:51:37.719265
222,2019112001005074,PRVU,39,38,100,229,22900.00,2019-11-21 10:51:37.719265
223,2019112001005075,PRVU,4,38,2102,229,481358.00,2019-11-21 10:51:37.719265
224,2019112001005076,SABSL,45,22,10,546,5460.00,2019-11-21 10:51:37.719265
225,2019112001005077,MEGA,49,42,100,184,18400.00,2019-11-21 10:51:37.719265
226,2019112001005078,NBB,10,10,80,203,16240.00,2019-11-21 10:51:37.719265
227,2019112001005079,EBL,49,39,300,555,166500.00,2019-11-21 10:51:37.719265
228,2019112001005080,EBL,49,34,20,555,11100.00,2019-11-21 10:51:37.719265
229,2019112001005081,PCBL,58,35,60,276,16560.00,2019-11-21 10:51:37.719265
230,2019112001005082,EBL,49,14,200,555,111000.00,2019-11-21 10:51:37.719265
231,2019112001005083,NCCB,4,43,285,200,57000.00,2019-11-21 10:51:37.719265
232,2019112001005084,SAPDBL,45,46,35,120,4200.00,2019-11-21 10:51:37.719265
233,2019112001005085,SAPDBL,36,46,10,120,1200.00,2019-11-21 10:51:37.719265
234,2019112001005086,SAPDBL,44,46,10,120,1200.00,2019-11-21 10:51:37.719265
235,2019112001005087,SABSL,59,47,10,545,5450.00,2019-11-21 10:51:37.719265
236,2019112001005088,ALBSL,57,44,10,398,3980.00,2019-11-21 10:51:37.719265
237,2019112001005089,ALBSL,57,29,10,401,4010.00,2019-11-21 10:51:37.719265
238,2019112001005090,API,25,50,50,104,5200.00,2019-11-21 10:51:37.719265
239,2019112001005091,DDBL,35,4,20,727,14540.00,2019-11-21 10:51:37.719265
240,2019112001005092,SIL,38,50,30,369,11070.00,2019-11-21 10:51:37.719265
241,2019112001005093,SLBBL,45,25,76,608,46208.00,2019-11-21 10:51:37.719265
242,2019112001005094,SABSL,1,57,50,546,27300.00,2019-11-21 10:51:37.719265
243,2019112001005095,SABSL,1,7,10,546,5460.00,2019-11-21 10:51:37.719265
244,2019112001005096,SWBBL,43,22,100,925,92500.00,2019-11-21 10:51:37.719265
245,2019112001005097,SWBBL,36,22,30,923,27690.00,2019-11-21 10:51:37.719265
246,2019112001005098,SWBBL,43,22,170,921,156570.00,2019-11-21 10:51:37.719265
247,2019112001005099,RADHI,19,34,100,145,14500.00,2019-11-21 10:51:37.719265
248,2019112001005100,CBBL,1,22,31,970,30070.00,2019-11-21 10:51:37.719265
249,2019112001005101,PRIN,42,56,100,311,31100.00,2019-11-21 10:51:37.719265
250,2019112001005102,NMFBS,35,10,10,1725,17250.00,2019-11-21 10:51:37.719265
251,2019112001005103,NMFBS,19,10,20,1724,34480.00,2019-11-21 10:51:37.719265
252,2019112001005104,NMFBS,57,10,50,1721,86050.00,2019-11-21 10:51:37.719265
253,2019112001005105,NBB,10,44,54,203,10962.00,2019-11-21 10:51:37.719265
254,2019112001005106,OHL,44,44,100,413,41300.00,2019-11-21 10:51:37.719265
255,2019112001005107,OHL,44,44,200,413,82600.00,2019-11-21 10:51:37.719265
256,2019112001005108,UPPER,45,25,23,227,5221.00,2019-11-21 10:51:37.719265
257,2019112001005109,UPPER,50,25,195,226,44070.00,2019-11-21 10:51:37.719265
258,2019112001005110,UPPER,50,25,38,226,8588.00,2019-11-21 10:51:37.719265
259,2019112001005111,OHL,44,44,100,413,41300.00,2019-11-21 10:51:37.719265
260,2019112001005112,HGI,25,34,60,243,14580.00,2019-11-21 10:51:37.719265
261,2019112001005029,SJCL,10,49,20,159,3180.00,2019-11-21 10:51:37.719265
262,2019112001005030,SJCL,10,21,10,159,1590.00,2019-11-21 10:51:37.719265
263,2019112001005031,SJCL,10,21,10,159,1590.00,2019-11-21 10:51:37.719265
264,2019112001005032,NMB,13,55,931,387,360297.00,2019-11-21 10:51:37.719265
265,2019112001005033,NMB,13,4,69,387,26703.00,2019-11-21 10:51:37.719265
266,2019112001005034,NTC,49,42,50,623,31150.00,2019-11-21 10:51:37.719265
267,2019112001005035,CBBL,1,22,284,970,275480.00,2019-11-21 10:51:37.719265
268,2019112001005036,KKHC,32,57,10,50,500.00,2019-11-21 10:51:37.719265
269,2019112001005037,NTC,25,33,40,628,25120.00,2019-11-21 10:51:37.719265
270,2019112001005038,SBI,6,47,40,391,15640.00,2019-11-21 10:51:37.719265
271,2019112001005039,PRVU,38,51,1500,230,345000.00,2019-11-21 10:51:37.719265
272,2019112001005040,SKBBL,42,44,200,937,187400.00,2019-11-21 10:51:37.719265
273,2019112001005041,PICL,56,10,10,394,3940.00,2019-11-21 10:51:37.719265
274,2019112001005042,SBL,52,42,100,283,28300.00,2019-11-21 10:51:37.719265
275,2019112001005043,NUBL,41,6,60,892,53520.00,2019-11-21 10:51:37.719265
276,2019112001005044,LBL,14,40,150,217,32550.00,2019-11-21 10:51:37.719265
277,2019112001005045,MEGA,49,5,116,184,21344.00,2019-11-21 10:51:37.719265
278,2019112001005046,PCBL,33,35,100,276,27600.00,2019-11-21 10:51:37.719265
279,2019112001005047,OHL,44,14,100,414,41400.00,2019-11-21 10:51:37.719265
280,2019112001005048,NLBBL,50,1,200,500,100000.00,2019-11-21 10:51:37.719265
281,2019112001005049,NLG,42,49,23,523,12029.00,2019-11-21 10:51:37.719265
282,2019112001005050,NMB,8,4,100,387,38700.00,2019-11-21 10:51:37.719265
283,2019112001005051,SRBL,6,25,99,211,20889.00,2019-11-21 10:51:37.719265
284,2019112001005052,SABSL,19,29,10,546,5460.00,2019-11-21 10:51:37.719265
285,2019112001005053,SABSL,19,5,10,546,5460.00,2019-11-21 10:51:37.719265
286,2019112001005054,NIB,41,41,10,426,4260.00,2019-11-21 10:51:37.719265
287,2019112001005055,NIB,41,25,90,426,38340.00,2019-11-21 10:51:37.719265
288,2019112001005056,SABSL,19,21,60,545,32700.00,2019-11-21 10:51:37.719265
289,2019112001005057,SABSL,42,21,20,545,10900.00,2019-11-21 10:51:37.719265
290,2019112001005058,SABSL,59,21,15,545,8175.00,2019-11-21 10:51:37.719265
291,2019112001005059,SCB,14,17,50,550,27500.00,2019-11-21 10:51:37.719265
292,2019112001005060,LGIL,49,34,255,315,80325.00,2019-11-21 10:51:37.719265
293,2019112001005061,LGIL,49,34,245,315,77175.00,2019-11-21 10:51:37.719265
294,2019112001005062,DDBL,28,22,100,725,72500.00,2019-11-21 10:51:37.719265
295,2019112001005063,DDBL,6,6,34,726,24684.00,2019-11-21 10:51:37.719265
296,2019112001005064,OHL,44,14,100,414,41400.00,2019-11-21 10:51:37.719265
297,2019112001005065,SJCL,35,35,20,159,3180.00,2019-11-21 10:51:37.719265
298,2019112001005066,LICN,25,25,10,988,9880.00,2019-11-21 10:51:37.719265
299,2019112001005067,NBB,53,25,78,203,15834.00,2019-11-21 10:51:37.719265
300,2019112001005068,NBB,10,25,56,203,11368.00,2019-11-21 10:51:37.719265
301,2019112001004968,SABSL,29,47,10,545,5450.00,2019-11-21 10:51:37.719265
302,2019112001004969,SABSL,29,13,20,546,10920.00,2019-11-21 10:51:37.719265
303,2019112001004970,LGIL,25,34,30,316,9480.00,2019-11-21 10:51:37.719265
304,2019112001004971,NBL,33,10,50,316,15800.00,2019-11-21 10:51:37.719265
305,2019112001004972,NBL,43,10,200,316,63200.00,2019-11-21 10:51:37.719265
306,2019112001004973,NBL,51,10,500,316,158000.00,2019-11-21 10:51:37.719265
307,2019112001004974,NBL,16,10,427,316,134932.00,2019-11-21 10:51:37.719265
308,2019112001004975,UPPER,41,39,50,228,11400.00,2019-11-21 10:51:37.719265
309,2019112001004976,NMB,6,4,20,387,7740.00,2019-11-21 10:51:37.719265
310,2019112001004977,BOKL,42,39,30,217,6510.00,2019-11-21 10:51:37.719265
311,2019112001004978,SAPDBL,10,7,200,121,24200.00,2019-11-21 10:51:37.719265
312,2019112001004979,NIB,16,53,140,425,59500.00,2019-11-21 10:51:37.719265
313,2019112001004980,MNBBL,13,52,20,315,6300.00,2019-11-21 10:51:37.719265
314,2019112001004981,SJCL,10,57,740,158,116920.00,2019-11-21 10:51:37.719265
315,2019112001004982,SJCL,10,39,20,158,3160.00,2019-11-21 10:51:37.719265
316,2019112001004983,SJCL,10,39,20,158,3160.00,2019-11-21 10:51:37.719265
317,2019112001004984,SJCL,10,39,10,158,1580.00,2019-11-21 10:51:37.719265
318,2019112001004985,SJCL,10,39,20,158,3160.00,2019-11-21 10:51:37.719265
319,2019112001004986,SJCL,10,39,10,158,1580.00,2019-11-21 10:51:37.719265
320,2019112001004987,SJCL,10,39,10,158,1580.00,2019-11-21 10:51:37.719265
321,2019112001004988,SJCL,10,34,10,158,1580.00,2019-11-21 10:51:37.719265
322,2019112001004989,SJCL,10,39,20,158,3160.00,2019-11-21 10:51:37.719265
323,2019112001004990,SJCL,10,39,10,158,1580.00,2019-11-21 10:51:37.719265
324,2019112001004991,SJCL,10,39,20,158,3160.00,2019-11-21 10:51:37.719265
325,2019112001004992,SJCL,10,39,20,158,3160.00,2019-11-21 10:51:37.719265
326,2019112001004993,SJCL,10,39,20,158,3160.00,2019-11-21 10:51:37.719265
327,2019112001004994,SJCL,10,39,20,158,3160.00,2019-11-21 10:51:37.719265
328,2019112001004995,SJCL,10,39,20,158,3160.00,2019-11-21 10:51:37.719265
329,2019112001004996,SJCL,10,39,20,158,3160.00,2019-11-21 10:51:37.719265
330,2019112001004997,SJCL,10,39,10,158,1580.00,2019-11-21 10:51:37.719265
331,2019112001004998,SJCL,10,50,20,158,3160.00,2019-11-21 10:51:37.719265
332,2019112001004999,SJCL,10,44,1020,158,161160.00,2019-11-21 10:51:37.719265
333,2019112001005000,SJCL,10,28,10,158,1580.00,2019-11-21 10:51:37.719265
334,2019112001005001,SJCL,10,28,10,158,1580.00,2019-11-21 10:51:37.719265
335,2019112001005002,SJCL,10,28,10,158,1580.00,2019-11-21 10:51:37.719265
336,2019112001005003,SJCL,10,28,10,158,1580.00,2019-11-21 10:51:37.719265
337,2019112001005004,SJCL,10,28,10,158,1580.00,2019-11-21 10:51:37.719265
338,2019112001005005,NUBL,45,6,200,893,178600.00,2019-11-21 10:51:37.719265
339,2019112001005006,SWBBL,39,39,50,928,46400.00,2019-11-21 10:51:37.719265
340,2019112001005007,SWBBL,28,39,100,927,92700.00,2019-11-21 10:51:37.719265
341,2019112001005008,SWBBL,21,39,50,925,46250.00,2019-11-21 10:51:37.719265
342,2019112001005009,SWBBL,43,39,300,925,277500.00,2019-11-21 10:51:37.719265
343,2019112001005010,SDESI,54,36,23,641,14743.00,2019-11-21 10:51:37.719265
344,2019112001005011,UPPER,45,25,50,227,11350.00,2019-11-21 10:51:37.719265
345,2019112001005012,RBCLPO,19,10,10,7230,72300.00,2019-11-21 10:51:37.719265
346,2019112001005013,RBCLPO,19,10,10,7225,72250.00,2019-11-21 10:51:37.719265
347,2019112001005014,RBCLPO,32,10,10,7220,72200.00,2019-11-21 10:51:37.719265
348,2019112001005015,RBCLPO,55,10,10,7220,72200.00,2019-11-21 10:51:37.719265
349,2019112001005016,PRVU,37,50,127,230,29210.00,2019-11-21 10:51:37.719265
350,2019112001005017,PRVU,37,17,200,230,46000.00,2019-11-21 10:51:37.719265
351,2019112001005018,PRVU,37,19,300,230,69000.00,2019-11-21 10:51:37.719265
352,2019112001005019,PRVU,37,44,500,230,115000.00,2019-11-21 10:51:37.719265
353,2019112001005020,PRVU,37,51,873,230,200790.00,2019-11-21 10:51:37.719265
354,2019112001005021,UPPER,8,28,10,228,2280.00,2019-11-21 10:51:37.719265
355,2019112001005022,UPPER,8,28,10,228,2280.00,2019-11-21 10:51:37.719265
356,2019112001005023,RBCL,41,56,15,8087,121305.00,2019-11-21 10:51:37.719265
357,2019112001005024,SABSL,1,13,10,546,5460.00,2019-11-21 10:51:37.719265
358,2019112001005025,SABSL,1,5,10,546,5460.00,2019-11-21 10:51:37.719265
359,2019112001005026,PLIC,45,43,30,307,9210.00,2019-11-21 10:51:37.719265
360,2019112001005027,PRVU,37,42,200,229,45800.00,2019-11-21 10:51:37.719265
361,2019112001005028,NIB,21,11,9,417,3753.00,2019-11-21 10:51:37.719265
362,2019112001004931,NBL,40,17,100,317,31700.00,2019-11-21 10:51:37.719265
363,2019112001004932,KSBBL,45,38,100,135,13500.00,2019-11-21 10:51:37.719265
364,2019112001004933,SABSL,45,38,10,544,5440.00,2019-11-21 10:51:37.719265
365,2019112001004934,NLIC,32,44,100,793,79300.00,2019-11-21 10:51:37.719265
366,2019112001004935,CBBL,1,51,16,970,15520.00,2019-11-21 10:51:37.719265
367,2019112001004936,UPCL,56,57,50,74,3700.00,2019-11-21 10:51:37.719265
368,2019112001004937,UPCL,26,56,50,73,3650.00,2019-11-21 10:51:37.719265
369,2019112001004938,PRIN,45,57,100,311,31100.00,2019-11-21 10:51:37.719265
370,2019112001004939,SLICL,38,51,100,256,25600.00,2019-11-21 10:51:37.719265
371,2019112001004940,NBL,3,17,30,317,9510.00,2019-11-21 10:51:37.719265
372,2019112001004941,HDL,22,35,137,1765,241805.00,2019-11-21 10:51:37.719265
373,2019112001004942,BOKL,35,16,100,216,21600.00,2019-11-21 10:51:37.719265
374,2019112001004943,NBL,51,17,100,317,31700.00,2019-11-21 10:51:37.719265
375,2019112001004944,SABSL,1,6,70,545,38150.00,2019-11-21 10:51:37.719265
376,2019112001004945,SABSL,45,38,10,544,5440.00,2019-11-21 10:51:37.719265
377,2019112001004946,NMB,22,10,1000,386,386000.00,2019-11-21 10:51:37.719265
378,2019112001004947,NBB,25,25,30,203,6090.00,2019-11-21 10:51:37.719265
379,2019112001004948,NBB,52,25,200,203,40600.00,2019-11-21 10:51:37.719265
380,2019112001004949,NBB,53,25,72,203,14616.00,2019-11-21 10:51:37.719265
381,2019112001004950,UPPER,56,39,50,228,11400.00,2019-11-21 10:51:37.719265
382,2019112001004951,CCBL,56,28,948,163,154524.00,2019-11-21 10:51:37.719265
383,2019112001004952,UPPER,45,56,50,227,11350.00,2019-11-21 10:51:37.719265
384,2019112001004953,SABSL,1,32,10,546,5460.00,2019-11-21 10:51:37.719265
385,2019112001004954,SABSL,1,13,20,546,10920.00,2019-11-21 10:51:37.719265
386,2019112001004955,GLBSL,6,21,10,401,4010.00,2019-11-21 10:51:37.719265
387,2019112001004956,API,25,50,20,104,2080.00,2019-11-21 10:51:37.719265
388,2019112001004957,GBLBS,8,19,10,297,2970.00,2019-11-21 10:51:37.719265
389,2019112001004958,GBLBS,43,19,400,297,118800.00,2019-11-21 10:51:37.719265
390,2019112001004959,GBLBS,57,19,100,296,29600.00,2019-11-21 10:51:37.719265
391,2019112001004960,GBLBS,21,19,156,296,46176.00,2019-11-21 10:51:37.719265
392,2019112001004961,NMB,22,4,444,386,171384.00,2019-11-21 10:51:37.719265
393,2019112001004962,NMB,19,4,100,386,38600.00,2019-11-21 10:51:37.719265
394,2019112001004963,NMB,8,4,200,386,77200.00,2019-11-21 10:51:37.719265
395,2019112001004964,NMB,32,4,75,386,28950.00,2019-11-21 10:51:37.719265
396,2019112001004965,NMB,8,4,100,386,38600.00,2019-11-21 10:51:37.719265
397,2019112001004966,NMB,1,4,500,386,193000.00,2019-11-21 10:51:37.719265
398,2019112001004967,NMB,13,4,81,386,31266.00,2019-11-21 10:51:37.719265
399,2019112001004888,BFC,42,21,10,90,900.00,2019-11-21 10:51:37.719265
400,2019112001004889,BFC,49,21,15,90,1350.00,2019-11-21 10:51:37.719265
401,2019112001004890,SANIMA,1,54,100,306,30600.00,2019-11-21 10:51:37.719265
402,2019112001004891,CBBL,58,51,18,970,17460.00,2019-11-21 10:51:37.719265
403,2019112001004892,CCBL,48,4,100,162,16200.00,2019-11-21 10:51:37.719265
404,2019112001004893,NLIC,55,52,22,792,17424.00,2019-11-21 10:51:37.719265
405,2019112001004894,SABSL,57,21,10,545,5450.00,2019-11-21 10:51:37.719265
406,2019112001004895,NLIC,38,44,602,793,477386.00,2019-11-21 10:51:37.719265
407,2019112001004896,NMB,22,16,100,386,38600.00,2019-11-21 10:51:37.719265
408,2019112001004897,HDL,47,14,30,1766,52980.00,2019-11-21 10:51:37.719265
409,2019112001004898,HDL,55,14,17,1766,30022.00,2019-11-21 10:51:37.719265
410,2019112001004899,SABSL,13,52,50,546,27300.00,2019-11-21 10:51:37.719265
411,2019112001004900,SABSL,57,52,50,545,27250.00,2019-11-21 10:51:37.719265
412,2019112001004901,SABSL,1,52,100,545,54500.00,2019-11-21 10:51:37.719265
413,2019112001004902,NBL,14,47,1687,317,534779.00,2019-11-21 10:51:37.719265
414,2019112001004903,SICL,22,56,65,739,48035.00,2019-11-21 10:51:37.719265
415,2019112001004904,SICL,26,56,122,739,90158.00,2019-11-21 10:51:37.719265
416,2019112001004905,NLIC,55,52,22,792,17424.00,2019-11-21 10:51:37.719265
417,2019112001004906,SABSL,1,38,10,545,5450.00,2019-11-21 10:51:37.719265
418,2019112001004907,SABSL,1,6,10,545,5450.00,2019-11-21 10:51:37.719265
419,2019112001004908,CBL,51,48,200,137,27400.00,2019-11-21 10:51:37.719265
420,2019112001004909,NLIC,32,44,298,793,236314.00,2019-11-21 10:51:37.719265
421,2019112001004910,FOWAD,19,25,19,1339,25441.00,2019-11-21 10:51:37.719265
422,2019112001004911,FOWAD,19,56,19,1340,25460.00,2019-11-21 10:51:37.719265
423,2019112001004912,FOWAD,19,22,12,1340,16080.00,2019-11-21 10:51:37.719265
424,2019112001004913,SABSL,1,6,80,545,43600.00,2019-11-21 10:51:37.719265
425,2019112001004914,SABSL,22,6,100,545,54500.00,2019-11-21 10:51:37.719265
426,2019112001004915,PLIC,25,38,30,308,9240.00,2019-11-21 10:51:37.719265
427,2019112001004916,PLIC,25,4,300,308,92400.00,2019-11-21 10:51:37.719265
428,2019112001004917,ADBL,38,14,169,416,70304.00,2019-11-21 10:51:37.719265
429,2019112001004918,ADBL,58,14,500,416,208000.00,2019-11-21 10:51:37.719265
430,2019112001004919,ADBL,38,14,1000,416,416000.00,2019-11-21 10:51:37.719265
431,2019112001004920,ADBL,38,14,331,416,137696.00,2019-11-21 10:51:37.719265
432,2019112001004921,SJCL,40,56,10,157,1570.00,2019-11-21 10:51:37.719265
433,2019112001004922,API,42,50,30,104,3120.00,2019-11-21 10:51:37.719265
434,2019112001004923,API,41,50,200,104,20800.00,2019-11-21 10:51:37.719265
435,2019112001004924,API,6,50,500,104,52000.00,2019-11-21 10:51:37.719265
436,2019112001004925,NLIC,55,52,22,792,17424.00,2019-11-21 10:51:37.719265
437,2019112001004926,NBL,14,17,313,317,99221.00,2019-11-21 10:51:37.719265
438,2019112001004927,SHIVM,46,37,100,419,41900.00,2019-11-21 10:51:37.719265
439,2019112001004928,UPPER,59,39,40,228,9120.00,2019-11-21 10:51:37.719265
440,2019112001004929,UPPER,59,39,40,228,9120.00,2019-11-21 10:51:37.719265
441,2019112001004930,SJCL,56,57,10,158,1580.00,2019-11-21 10:51:37.719265
442,2019112001004860,SABSL,36,57,10,546,5460.00,2019-11-21 10:51:37.719265
443,2019112001004861,UPPER,45,45,177,227,40179.00,2019-11-21 10:51:37.719265
444,2019112001004862,UPPER,45,1,350,227,79450.00,2019-11-21 10:51:37.719265
445,2019112001004863,UPPER,45,3,350,227,79450.00,2019-11-21 10:51:37.719265
446,2019112001004864,UPPER,45,36,100,227,22700.00,2019-11-21 10:51:37.719265
447,2019112001004865,SJCL,40,39,20,157,3140.00,2019-11-21 10:51:37.719265
448,2019112001004866,SABSL,36,39,10,546,5460.00,2019-11-21 10:51:37.719265
449,2019112001004867,SABSL,36,21,10,546,5460.00,2019-11-21 10:51:37.719265
450,2019112001004868,NBL,33,14,150,316,47400.00,2019-11-21 10:51:37.719265
451,2019112001004869,SJCL,40,26,30,157,4710.00,2019-11-21 10:51:37.719265
452,2019112001004870,NMB,22,4,50,386,19300.00,2019-11-21 10:51:37.719265
453,2019112001004871,SABSL,59,21,10,546,5460.00,2019-11-21 10:51:37.719265
454,2019112001004872,CCBL,32,28,52,163,8476.00,2019-11-21 10:51:37.719265
455,2019112001004873,NSEWA,19,25,10,382,3820.00,2019-11-21 10:51:37.719265
456,2019112001004874,CBBL,36,52,100,970,97000.00,2019-11-21 10:51:37.719265
457,2019112001004875,CBBL,58,52,12,970,11640.00,2019-11-21 10:51:37.719265
458,2019112001004876,SIL,42,50,100,369,36900.00,2019-11-21 10:51:37.719265
459,2019112001004877,NIBPO,55,4,80,385,30800.00,2019-11-21 10:51:37.719265
460,2019112001004878,SDESI,54,36,23,641,14743.00,2019-11-21 10:51:37.719265
461,2019112001004879,LBBL,32,50,429,169,72501.00,2019-11-21 10:51:37.719265
462,2019112001004880,LBBL,1,50,459,169,77571.00,2019-11-21 10:51:37.719265
463,2019112001004881,GMFBS,35,58,10,500,5000.00,2019-11-21 10:51:37.719265
464,2019112001004882,GMFBS,35,45,10,500,5000.00,2019-11-21 10:51:37.719265
465,2019112001004883,MERO,43,16,38,417,15846.00,2019-11-21 10:51:37.719265
466,2019112001004884,NMB,22,48,130,386,50180.00,2019-11-21 10:51:37.719265
467,2019112001004885,SABSL,57,21,10,545,5450.00,2019-11-21 10:51:37.719265
468,2019112001004886,CHCL,6,36,400,350,140000.00,2019-11-21 10:51:37.719265
469,2019112001004887,SABSL,17,33,10,547,5470.00,2019-11-21 10:51:37.719265
470,2019112001004836,SMFBS,6,28,200,795,159000.00,2019-11-21 10:51:37.719265
471,2019112001004837,SABSL,57,39,10,545,5450.00,2019-11-21 10:51:37.719265
472,2019112001004838,GLICL,25,25,10,357,3570.00,2019-11-21 10:51:37.719265
473,2019112001004839,JOSHI,49,19,20,60,1200.00,2019-11-21 10:51:37.719265
474,2019112001004840,PRVU,37,17,500,229,114500.00,2019-11-21 10:51:37.719265
475,2019112001004841,NBL,51,47,300,317,95100.00,2019-11-21 10:51:37.719265
476,2019112001004842,SABSL,29,51,90,546,49140.00,2019-11-21 10:51:37.719265
477,2019112001004843,NABIL,39,43,200,755,151000.00,2019-11-21 10:51:37.719265
478,2019112001004844,SABSL,29,39,10,546,5460.00,2019-11-21 10:51:37.719265
479,2019112001004845,JBBL,39,58,249,162,40338.00,2019-11-21 10:51:37.719265
480,2019112001004846,SABSL,36,21,10,546,5460.00,2019-11-21 10:51:37.719265
481,2019112001004847,CZBIL,7,17,76,184,13984.00,2019-11-21 10:51:37.719265
482,2019112001004848,CZBIL,49,17,100,184,18400.00,2019-11-21 10:51:37.719265
483,2019112001004849,CZBIL,42,17,51,184,9384.00,2019-11-21 10:51:37.719265
484,2019112001004850,SABSL,36,39,10,546,5460.00,2019-11-21 10:51:37.719265
485,2019112001004851,CCBL,45,50,123,163,20049.00,2019-11-21 10:51:37.719265
486,2019112001004852,CCBL,16,50,1000,163,163000.00,2019-11-21 10:51:37.719265
487,2019112001004853,CCBL,16,50,200,163,32600.00,2019-11-21 10:51:37.719265
488,2019112001004854,CCBL,39,50,100,163,16300.00,2019-11-21 10:51:37.719265
489,2019112001004855,CCBL,32,50,448,163,73024.00,2019-11-21 10:51:37.719265
490,2019112001004856,SANIMA,45,54,30,306,9180.00,2019-11-21 10:51:37.719265
491,2019112001004857,RHPL,39,39,30,165,4950.00,2019-11-21 10:51:37.719265
492,2019112001004858,RHPL,55,39,10,164,1640.00,2019-11-21 10:51:37.719265
493,2019112001004859,SABSL,36,21,10,546,5460.00,2019-11-21 10:51:37.719265
494,2019112001004815,AKBSL,7,42,40,435,17400.00,2019-11-21 10:51:37.719265
495,2019112001004816,ADBL,47,37,30,417,12510.00,2019-11-21 10:51:37.719265
496,2019112001004817,SFFIL,13,54,20,168,3360.00,2019-11-21 10:51:37.719265
497,2019112001004818,SFFIL,6,54,100,168,16800.00,2019-11-21 10:51:37.719265
498,2019112001004819,LBBL,32,4,17,169,2873.00,2019-11-21 10:51:37.719265
499,2019112001004820,SABSL,36,47,10,546,5460.00,2019-11-21 10:51:37.719265
500,2019112001004821,SABSL,56,33,10,547,5470.00,2019-11-21 10:51:37.719265
501,2019112001004822,NCCB,45,43,1000,200,200000.00,2019-11-21 10:51:37.719265
502,2019112001004823,SBI,57,47,108,391,42228.00,2019-11-21 10:51:37.719265
503,2019112001004824,RSDC,56,41,70,290,20300.00,2019-11-21 10:51:37.719265
504,2019112001004825,RSDC,34,41,50,289,14450.00,2019-11-21 10:51:37.719265
505,2019112001004826,RSDC,17,41,10,289,2890.00,2019-11-21 10:51:37.719265
506,2019112001004827,NMB,22,4,100,386,38600.00,2019-11-21 10:51:37.719265
507,2019112001004828,SABSL,36,56,10,546,5460.00,2019-11-21 10:51:37.719265
508,2019112001004829,OHL,38,50,100,412,41200.00,2019-11-21 10:51:37.719265
509,2019112001004830,SABSL,36,47,10,546,5460.00,2019-11-21 10:51:37.719265
510,2019112001004831,MNBBL,41,49,370,315,116550.00,2019-11-21 10:51:37.719265
511,2019112001004832,MNBBL,41,52,130,315,40950.00,2019-11-21 10:51:37.719265
512,2019112001004833,PLIC,45,38,20,308,6160.00,2019-11-21 10:51:37.719265
513,2019112001004834,PCBL,40,4,32,275,8800.00,2019-11-21 10:51:37.719265
514,2019112001004835,TMDBL,14,58,50,144,7200.00,2019-11-21 10:51:37.719265
515,2019112001004792,KRBL,56,17,20,100,2000.00,2019-11-21 10:51:37.719265
516,2019112001004793,NMB,42,4,100,387,38700.00,2019-11-21 10:51:37.719265
517,2019112001004794,KBL,13,4,260,179,46540.00,2019-11-21 10:51:37.719265
518,2019112001004795,NMB,41,4,150,387,58050.00,2019-11-21 10:51:37.719265
519,2019112001004796,ICFC,57,57,49,160,7840.00,2019-11-21 10:51:37.719265
520,2019112001004797,RHPL,39,56,30,165,4950.00,2019-11-21 10:51:37.719265
521,2019112001004798,NBL,14,47,563,317,178471.00,2019-11-21 10:51:37.719265
522,2019112001004799,NBL,51,47,200,317,63400.00,2019-11-21 10:51:37.719265
523,2019112001004800,NBL,42,47,250,317,79250.00,2019-11-21 10:51:37.719265
524,2019112001004801,RHPL,56,21,10,166,1660.00,2019-11-21 10:51:37.719265
525,2019112001004802,RHPL,56,59,20,166,3320.00,2019-11-21 10:51:37.719265
526,2019112001004803,SABSL,36,51,10,546,5460.00,2019-11-21 10:51:37.719265
527,2019112001004804,SIL,25,25,10,369,3690.00,2019-11-21 10:51:37.719265
528,2019112001004805,KSBBL,38,57,200,135,27000.00,2019-11-21 10:51:37.719265
529,2019112001004806,NCCB,57,43,50,200,10000.00,2019-11-21 10:51:37.719265
530,2019112001004807,KSBBL,38,4,47,135,6345.00,2019-11-21 10:51:37.719265
531,2019112001004808,ILBS,41,58,40,481,19240.00,2019-11-21 10:51:37.719265
532,2019112001004809,ILBS,41,7,20,481,9620.00,2019-11-21 10:51:37.719265
533,2019112001004810,ILBS,41,10,10,481,4810.00,2019-11-21 10:51:37.719265
534,2019112001004811,KKHC,36,57,10,51,510.00,2019-11-21 10:51:37.719265
535,2019112001004812,SABSL,36,21,10,546,5460.00,2019-11-21 10:51:37.719265
536,2019112001004813,SABSL,36,51,10,546,5460.00,2019-11-21 10:51:37.719265
537,2019112001004814,NLG,25,25,10,522,5220.00,2019-11-21 10:51:37.719265
538,2019112001004751,SPDL,45,45,88,85,7480.00,2019-11-21 10:51:37.719265
539,2019112001004752,AKJCL,35,45,30,55,1650.00,2019-11-21 10:51:37.719265
540,2019112001004753,MERO,44,33,85,418,35530.00,2019-11-21 10:51:37.719265
541,2019112001004754,MERO,29,33,29,417,12093.00,2019-11-21 10:51:37.719265
542,2019112001004755,MERO,14,33,150,417,62550.00,2019-11-21 10:51:37.719265
543,2019112001004756,MERO,45,33,36,417,15012.00,2019-11-21 10:51:37.719265
544,2019112001004757,SABSL,36,1,75,546,40950.00,2019-11-21 10:51:37.719265
545,2019112001004758,NMB,56,41,100,387,38700.00,2019-11-21 10:51:37.719265
546,2019112001004759,NMB,56,4,124,387,47988.00,2019-11-21 10:51:37.719265
547,2019112001004760,SABSL,36,36,100,546,54600.00,2019-11-21 10:51:37.719265
548,2019112001004761,NIL,13,43,50,377,18850.00,2019-11-21 10:51:37.719265
549,2019112001004762,API,25,41,50,105,5250.00,2019-11-21 10:51:37.719265
550,2019112001004763,JBBL,39,56,10,162,1620.00,2019-11-21 10:51:37.719265
551,2019112001004764,PRVU,33,53,100,230,23000.00,2019-11-21 10:51:37.719265
552,2019112001004765,PRVU,33,32,30,230,6900.00,2019-11-21 10:51:37.719265
553,2019112001004766,PRVU,33,34,110,230,25300.00,2019-11-21 10:51:37.719265
554,2019112001004767,PRVU,33,14,200,230,46000.00,2019-11-21 10:51:37.719265
555,2019112001004768,PRVU,33,50,73,230,16790.00,2019-11-21 10:51:37.719265
556,2019112001004769,SABSL,36,42,10,546,5460.00,2019-11-21 10:51:37.719265
557,2019112001004770,NBB,1,58,255,204,52020.00,2019-11-21 10:51:37.719265
558,2019112001004771,CBBL,45,58,200,973,194600.00,2019-11-21 10:51:37.719265
559,2019112001004772,NBB,29,58,200,204,40800.00,2019-11-21 10:51:37.719265
560,2019112001004773,JOSHI,3,19,110,61,6710.00,2019-11-21 10:51:37.719265
561,2019112001004774,NBL,14,49,62,317,19654.00,2019-11-21 10:51:37.719265
562,2019112001004775,PCBL,40,57,14,275,3850.00,2019-11-21 10:51:37.719265
563,2019112001004776,GBBL,1,58,37,225,8325.00,2019-11-21 10:51:37.719265
564,2019112001004777,GBBL,45,58,64,225,14400.00,2019-11-21 10:51:37.719265
565,2019112001004778,UPCL,52,57,20,74,1480.00,2019-11-21 10:51:37.719265
566,2019112001004779,RSDC,57,41,10,292,2920.00,2019-11-21 10:51:37.719265
567,2019112001004780,RSDC,40,41,10,291,2910.00,2019-11-21 10:51:37.719265
568,2019112001004781,RSDC,6,41,60,291,17460.00,2019-11-21 10:51:37.719265
569,2019112001004782,RSDC,42,41,50,291,14550.00,2019-11-21 10:51:37.719265
570,2019112001004783,RMDC,22,43,200,594,118800.00,2019-11-21 10:51:37.719265
571,2019112001004784,ADBL,38,4,50,416,20800.00,2019-11-21 10:51:37.719265
572,2019112001004785,NBL,14,17,1500,317,475500.00,2019-11-21 10:51:37.719265
573,2019112001004786,NICA,32,28,477,410,195570.00,2019-11-21 10:51:37.719265
574,2019112001004787,CBL,51,57,58,137,7946.00,2019-11-21 10:51:37.719265
575,2019112001004788,ILBS,41,44,10,480,4800.00,2019-11-21 10:51:37.719265
576,2019112001004789,ILBS,41,53,200,480,96000.00,2019-11-21 10:51:37.719265
577,2019112001004790,MERO,45,33,104,417,43368.00,2019-11-21 10:51:37.719265
578,2019112001004791,MERO,54,33,50,417,20850.00,2019-11-21 10:51:37.719265
579,2019112001004725,PPCL,56,56,10,103,1030.00,2019-11-21 10:51:37.719265
580,2019112001004726,SPDL,45,45,71,85,6035.00,2019-11-21 10:51:37.719265
581,2019112001004727,SANIMA,39,14,116,305,35380.00,2019-11-21 10:51:37.719265
582,2019112001004728,OHL,38,33,100,412,41200.00,2019-11-21 10:51:37.719265
583,2019112001004729,NBL,51,10,100,318,31800.00,2019-11-21 10:51:37.719265
584,2019112001004730,NABIL,25,41,100,754,75400.00,2019-11-21 10:51:37.719265
585,2019112001004731,NABIL,59,41,10,754,7540.00,2019-11-21 10:51:37.719265
586,2019112001004732,NABIL,11,41,58,754,43732.00,2019-11-21 10:51:37.719265
587,2019112001004733,RHPL,39,1,40,165,6600.00,2019-11-21 10:51:37.719265
588,2019112001004734,HIDCL,39,14,60,131,7860.00,2019-11-21 10:51:37.719265
589,2019112001004735,HIDCL,25,14,100,131,13100.00,2019-11-21 10:51:37.719265
590,2019112001004736,HIDCL,56,14,200,131,26200.00,2019-11-21 10:51:37.719265
591,2019112001004737,HIDCL,18,14,500,131,65500.00,2019-11-21 10:51:37.719265
592,2019112001004738,HIDCL,55,14,140,131,18340.00,2019-11-21 10:51:37.719265
593,2019112001004739,SCB,41,17,27,550,14850.00,2019-11-21 10:51:37.719265
594,2019112001004740,NMB,11,4,30,387,11610.00,2019-11-21 10:51:37.719265
595,2019112001004741,SABSL,36,42,90,546,49140.00,2019-11-21 10:51:37.719265
596,2019112001004742,MNBBL,52,49,30,315,9450.00,2019-11-21 10:51:37.719265
597,2019112001004743,MERO,42,42,18,418,7524.00,2019-11-21 10:51:37.719265
598,2019112001004744,MERO,44,42,15,418,6270.00,2019-11-21 10:51:37.719265
599,2019112001004745,NTC,25,50,40,629,25160.00,2019-11-21 10:51:37.719265
600,2019112001004746,SMFBS,28,28,50,796,39800.00,2019-11-21 10:51:37.719265
601,2019112001004747,NBL,16,10,20,318,6360.00,2019-11-21 10:51:37.719265
602,2019112001004748,NABIL,11,8,42,754,31668.00,2019-11-21 10:51:37.719265
603,2019112001004749,NABIL,19,8,400,754,301600.00,2019-11-21 10:51:37.719265
604,2019112001004750,NLICL,25,56,100,424,42400.00,2019-11-21 10:51:37.719265
605,2019112001004679,MSLB,1,42,18,860,15480.00,2019-11-21 10:51:37.719265
606,2019112001004680,NMB,32,41,100,386,38600.00,2019-11-21 10:51:37.719265
607,2019112001004681,NMB,22,41,176,386,67936.00,2019-11-21 10:51:37.719265
608,2019112001004682,RMDC,22,33,100,594,59400.00,2019-11-21 10:51:37.719265
609,2019112001004683,MBL,57,14,89,221,19669.00,2019-11-21 10:51:37.719265
610,2019112001004684,MBL,38,14,74,221,16354.00,2019-11-21 10:51:37.719265
611,2019112001004685,AKPL,25,44,13,119,1547.00,2019-11-21 10:51:37.719265
612,2019112001004686,NMB,8,45,14,387,5418.00,2019-11-21 10:51:37.719265
613,2019112001004687,NMB,8,51,100,387,38700.00,2019-11-21 10:51:37.719265
614,2019112001004688,NMB,8,44,507,387,196209.00,2019-11-21 10:51:37.719265
615,2019112001004689,NMB,8,21,12,387,4644.00,2019-11-21 10:51:37.719265
616,2019112001004690,NMB,8,4,629,387,243423.00,2019-11-21 10:51:37.719265
617,2019112001004691,NBL,42,10,600,318,190800.00,2019-11-21 10:51:37.719265
618,2019112001004692,SABSL,19,29,10,547,5470.00,2019-11-21 10:51:37.719265
619,2019112001004693,SABSL,19,37,10,547,5470.00,2019-11-21 10:51:37.719265
620,2019112001004694,NBB,1,14,45,204,9180.00,2019-11-21 10:51:37.719265
621,2019112001004695,NMB,8,4,371,387,143577.00,2019-11-21 10:51:37.719265
622,2019112001004696,NMB,8,13,800,387,309600.00,2019-11-21 10:51:37.719265
623,2019112001004697,NMB,8,42,50,387,19350.00,2019-11-21 10:51:37.719265
624,2019112001004698,NMB,8,4,29,387,11223.00,2019-11-21 10:51:37.719265
625,2019112001004699,API,42,50,520,104,54080.00,2019-11-21 10:51:37.719265
626,2019112001004700,LBBL,59,1,176,169,29744.00,2019-11-21 10:51:37.719265
627,2019112001004701,LBBL,14,1,100,169,16900.00,2019-11-21 10:51:37.719265
628,2019112001004702,LBBL,39,1,300,169,50700.00,2019-11-21 10:51:37.719265
629,2019112001004703,LBBL,33,1,1000,169,169000.00,2019-11-21 10:51:37.719265
630,2019112001004704,LBBL,25,1,200,169,33800.00,2019-11-21 10:51:37.719265
631,2019112001004705,LBBL,32,1,254,169,42926.00,2019-11-21 10:51:37.719265
632,2019112001004706,HDL,16,34,70,1773,124110.00,2019-11-21 10:51:37.719265
633,2019112001004707,HDL,16,33,200,1773,354600.00,2019-11-21 10:51:37.719265
634,2019112001004708,HDL,16,35,30,1774,53220.00,2019-11-21 10:51:37.719265
635,2019112001004709,SABSL,19,44,10,547,5470.00,2019-11-21 10:51:37.719265
636,2019112001004710,EBL,39,57,100,555,55500.00,2019-11-21 10:51:37.719265
637,2019112001004711,EBL,39,46,198,555,109890.00,2019-11-21 10:51:37.719265
638,2019112001004712,EBL,39,44,200,555,111000.00,2019-11-21 10:51:37.719265
639,2019112001004713,DBBL,51,54,34,122,4148.00,2019-11-21 10:51:37.719265
640,2019112001004714,DBBL,28,54,1466,122,178852.00,2019-11-21 10:51:37.719265
641,2019112001004715,SJCL,40,41,20,157,3140.00,2019-11-21 10:51:37.719265
642,2019112001004716,GBBL,1,14,63,225,14175.00,2019-11-21 10:51:37.719265
643,2019112001004717,NGPL,13,48,150,110,16500.00,2019-11-21 10:51:37.719265
644,2019112001004718,SABSL,36,37,10,546,5460.00,2019-11-21 10:51:37.719265
645,2019112001004719,SLBSL,29,42,20,713,14260.00,2019-11-21 10:51:37.719265
646,2019112001004720,NLBBL,49,25,16,501,8016.00,2019-11-21 10:51:37.719265
647,2019112001004721,NLBBL,57,25,78,500,39000.00,2019-11-21 10:51:37.719265
648,2019112001004722,KBL,13,14,150,179,26850.00,2019-11-21 10:51:37.719265
649,2019112001004723,PRVU,37,11,50,229,11450.00,2019-11-21 10:51:37.719265
650,2019112001004724,SLBSL,11,42,40,712,28480.00,2019-11-21 10:51:37.719265
651,2019112001004634,UPCL,56,56,50,74,3700.00,2019-11-21 10:51:37.719265
652,2019112001004635,NBB,46,39,500,205,102500.00,2019-11-21 10:51:37.719265
653,2019112001004636,SWBBL,33,44,80,932,74560.00,2019-11-21 10:51:37.719265
654,2019112001004637,SABSL,42,44,10,547,5470.00,2019-11-21 10:51:37.719265
655,2019112001004638,NADEP,48,44,10,395,3950.00,2019-11-21 10:51:37.719265
656,2019112001004639,NADEP,48,44,10,395,3950.00,2019-11-21 10:51:37.719265
657,2019112001004640,RHPC,1,42,200,72,14400.00,2019-11-21 10:51:37.719265
658,2019112001004641,RHPC,22,42,300,71,21300.00,2019-11-21 10:51:37.719265
659,2019112001004642,RHPC,32,42,1000,71,71000.00,2019-11-21 10:51:37.719265
660,2019112001004643,RHPC,47,42,100,71,7100.00,2019-11-21 10:51:37.719265
661,2019112001004644,AKBSL,7,35,10,432,4320.00,2019-11-21 10:51:37.719265
662,2019112001004645,SABSL,42,7,40,547,21880.00,2019-11-21 10:51:37.719265
663,2019112001004646,SABSL,19,7,60,547,32820.00,2019-11-21 10:51:37.719265
664,2019112001004647,UPPER,50,56,50,226,11300.00,2019-11-21 10:51:37.719265
665,2019112001004648,NADEP,48,45,20,395,7900.00,2019-11-21 10:51:37.719265
666,2019112001004649,UPPER,56,45,50,227,11350.00,2019-11-21 10:51:37.719265
667,2019112001004650,RHPC,37,42,181,70,12670.00,2019-11-21 10:51:37.719265
668,2019112001004651,RHPC,14,42,100,70,7000.00,2019-11-21 10:51:37.719265
669,2019112001004652,RHPC,14,42,100,70,7000.00,2019-11-21 10:51:37.719265
670,2019112001004653,RHPC,13,42,50,70,3500.00,2019-11-21 10:51:37.719265
671,2019112001004654,RHPC,37,42,500,70,35000.00,2019-11-21 10:51:37.719265
672,2019112001004655,RHPC,19,42,469,70,32830.00,2019-11-21 10:51:37.719265
673,2019112001004656,LBBL,56,6,16,169,2704.00,2019-11-21 10:51:37.719265
674,2019112001004657,LBBL,59,6,24,169,4056.00,2019-11-21 10:51:37.719265
675,2019112001004658,PLIC,19,4,145,307,44515.00,2019-11-21 10:51:37.719265
676,2019112001004659,PLIC,45,4,155,307,47585.00,2019-11-21 10:51:37.719265
677,2019112001004660,NICL,13,10,22,251,5522.00,2019-11-21 10:51:37.719265
678,2019112001004661,PCBL,34,58,487,276,134412.00,2019-11-21 10:51:37.719265
679,2019112001004662,PCBL,34,32,1000,276,276000.00,2019-11-21 10:51:37.719265
680,2019112001004663,PCBL,34,38,34,276,9384.00,2019-11-21 10:51:37.719265
681,2019112001004664,PCBL,34,6,145,276,40020.00,2019-11-21 10:51:37.719265
682,2019112001004665,PCBL,34,35,334,276,92184.00,2019-11-21 10:51:37.719265
683,2019112001004666,JBBL,39,19,200,162,32400.00,2019-11-21 10:51:37.719265
684,2019112001004667,JBBL,39,56,41,162,6642.00,2019-11-21 10:51:37.719265
685,2019112001004668,CBBL,36,14,59,969,57171.00,2019-11-21 10:51:37.719265
686,2019112001004669,AKBSL,7,35,10,432,4320.00,2019-11-21 10:51:37.719265
687,2019112001004670,PFL,59,47,70,136,9520.00,2019-11-21 10:51:37.719265
688,2019112001004671,SABSL,19,44,10,547,5470.00,2019-11-21 10:51:37.719265
689,2019112001004672,API,42,41,450,104,46800.00,2019-11-21 10:51:37.719265
690,2019112001004673,API,42,51,1000,104,104000.00,2019-11-21 10:51:37.719265
691,2019112001004674,AKPL,25,25,10,118,1180.00,2019-11-21 10:51:37.719265
692,2019112001004675,LICN,58,59,100,970,97000.00,2019-11-21 10:51:37.719265
693,2019112001004676,CZBIL,48,6,100,184,18400.00,2019-11-21 10:51:37.719265
694,2019112001004677,CZBIL,48,6,100,184,18400.00,2019-11-21 10:51:37.719265
695,2019112001004678,CZBIL,7,6,124,184,22816.00,2019-11-21 10:51:37.719265
696,2019112001004616,RBCL,44,56,20,8141,162820.00,2019-11-21 10:51:37.719265
697,2019112001004617,CZBIL,45,29,100,185,18500.00,2019-11-21 10:51:37.719265
698,2019112001004618,SABSL,36,35,10,548,5480.00,2019-11-21 10:51:37.719265
699,2019112001004619,SABSL,42,56,10,547,5470.00,2019-11-21 10:51:37.719265
700,2019112001004620,RBCL,32,56,50,8140,407000.00,2019-11-21 10:51:37.719265
701,2019112001004621,SABSL,56,35,10,548,5480.00,2019-11-21 10:51:37.719265
702,2019112001004622,MHNL,51,40,60,82,4920.00,2019-11-21 10:51:37.719265
703,2019112001004623,ILBS,25,35,10,477,4770.00,2019-11-21 10:51:37.719265
704,2019112001004624,SHIVM,49,45,500,417,208500.00,2019-11-21 10:51:37.719265
705,2019112001004625,SABSL,42,44,10,547,5470.00,2019-11-21 10:51:37.719265
706,2019112001004626,PPCL,36,36,10,104,1040.00,2019-11-21 10:51:37.719265
707,2019112001004627,SHIVM,35,45,100,417,41700.00,2019-11-21 10:51:37.719265
708,2019112001004628,NBL,44,10,200,318,63600.00,2019-11-21 10:51:37.719265
709,2019112001004629,SJCL,56,57,20,158,3160.00,2019-11-21 10:51:37.719265
710,2019112001004630,SJCL,40,56,20,157,3140.00,2019-11-21 10:51:37.719265
711,2019112001004631,SEF,3,28,300,8.85,2655.00,2019-11-21 10:51:37.719265
712,2019112001004632,SABSL,42,44,10,547,5470.00,2019-11-21 10:51:37.719265
713,2019112001004633,MSLB,1,42,26,860,22360.00,2019-11-21 10:51:37.719265
714,2019112001004603,ADBL,38,14,569,416,236704.00,2019-11-21 10:51:37.719265
715,2019112001004604,ADBL,26,14,150,416,62400.00,2019-11-21 10:51:37.719265
716,2019112001004605,ADBL,38,14,1000,416,416000.00,2019-11-21 10:51:37.719265
717,2019112001004606,ADBL,38,14,281,416,116896.00,2019-11-21 10:51:37.719265
718,2019112001004607,RHPL,56,44,40,165,6600.00,2019-11-21 10:51:37.719265
719,2019112001004608,RHPL,55,56,40,164,6560.00,2019-11-21 10:51:37.719265
720,2019112001004609,NLIC,32,44,100,792,79200.00,2019-11-21 10:51:37.719265
721,2019112001004610,NLIC,32,28,102,793,80886.00,2019-11-21 10:51:37.719265
722,2019112001004611,SHIVM,58,35,100,416,41600.00,2019-11-21 10:51:37.719265
723,2019112001004612,SHIVM,16,35,140,416,58240.00,2019-11-21 10:51:37.719265
724,2019112001004613,SRBL,33,38,890,212,188680.00,2019-11-21 10:51:37.719265
725,2019112001004614,SABSL,42,49,10,547,5470.00,2019-11-21 10:51:37.719265
726,2019112001004615,RRHP,56,56,10,100,1000.00,2019-11-21 10:51:37.719265
727,2019112001004587,BPCL,33,56,11,347,3817.00,2019-11-21 10:51:37.719265
728,2019112001004588,AKBSL,7,16,10,432,4320.00,2019-11-21 10:51:37.719265
729,2019112001004589,SJCL,39,57,100,158,15800.00,2019-11-21 10:51:37.719265
730,2019112001004590,BPCL,56,36,11,348,3828.00,2019-11-21 10:51:37.719265
731,2019112001004591,SJCL,40,44,20,157,3140.00,2019-11-21 10:51:37.719265
732,2019112001004592,AKBSL,7,16,10,432,4320.00,2019-11-21 10:51:37.719265
733,2019112001004593,DDBL,35,4,39,727,28353.00,2019-11-21 10:51:37.719265
734,2019112001004594,JOSHI,3,56,20,61,1220.00,2019-11-21 10:51:37.719265
735,2019112001004595,UPPER,39,45,100,227,22700.00,2019-11-21 10:51:37.719265
736,2019112001004596,BOKL,41,39,110,217,23870.00,2019-11-21 10:51:37.719265
737,2019112001004597,JOSHI,56,6,20,62,1240.00,2019-11-21 10:51:37.719265
738,2019112001004598,NICA,28,54,633,409,258897.00,2019-11-21 10:51:37.719265
739,2019112001004599,RHPC,34,48,136,72,9792.00,2019-11-21 10:51:37.719265
740,2019112001004600,CIT,7,44,30,1755,52650.00,2019-11-21 10:51:37.719265
741,2019112001004601,PPCL,56,56,10,103,1030.00,2019-11-21 10:51:37.719265
742,2019112001004602,NLIC,55,22,37,791,29267.00,2019-11-21 10:51:37.719265
743,2019112001004570,CBBL,49,54,150,972,145800.00,2019-11-21 10:51:37.719265
744,2019112001004571,MERO,58,50,40,420,16800.00,2019-11-21 10:51:37.719265
745,2019112001004572,MERO,36,50,253,419,106007.00,2019-11-21 10:51:37.719265
746,2019112001004573,NIBSF1,21,34,1000,8.48,8480.00,2019-11-21 10:51:37.719265
747,2019112001004574,NICA,34,54,200,409,81800.00,2019-11-21 10:51:37.719265
748,2019112001004575,SWBBL,39,17,13,928,12064.00,2019-11-21 10:51:37.719265
749,2019112001004576,SABSL,40,7,10,548,5480.00,2019-11-21 10:51:37.719265
750,2019112001004577,SCB,57,17,25,550,13750.00,2019-11-21 10:51:37.719265
751,2019112001004578,SHIVM,42,26,25,415,10375.00,2019-11-21 10:51:37.719265
752,2019112001004579,LICN,25,14,10,989,9890.00,2019-11-21 10:51:37.719265
753,2019112001004580,PCBL,19,5,131,276,36156.00,2019-11-21 10:51:37.719265
754,2019112001004581,PCBL,19,58,119,276,32844.00,2019-11-21 10:51:37.719265
755,2019112001004582,CCBL,16,17,143,163,23309.00,2019-11-21 10:51:37.719265
756,2019112001004583,CCBL,58,17,980,163,159740.00,2019-11-21 10:51:37.719265
757,2019112001004584,CCBL,45,17,877,163,142951.00,2019-11-21 10:51:37.719265
758,2019112001004585,SABSL,42,1,10,547,5470.00,2019-11-21 10:51:37.719265
759,2019112001004586,GGBSL,36,36,10,576,5760.00,2019-11-21 10:51:37.719265
760,2019112001004549,RHPL,40,21,30,165,4950.00,2019-11-21 10:51:37.719265
761,2019112001004550,RHPL,43,21,10,163,1630.00,2019-11-21 10:51:37.719265
762,2019112001004551,NMB,8,55,1149,386,443514.00,2019-11-21 10:51:37.719265
763,2019112001004552,NMB,8,16,200,386,77200.00,2019-11-21 10:51:37.719265
764,2019112001004553,SHIVM,42,25,40,415,16600.00,2019-11-21 10:51:37.719265
765,2019112001004554,JOSHI,3,33,20,61,1220.00,2019-11-21 10:51:37.719265
766,2019112001004555,API,25,25,50,103,5150.00,2019-11-21 10:51:37.719265
767,2019112001004556,API,51,25,100,103,10300.00,2019-11-21 10:51:37.719265
768,2019112001004557,API,38,25,50,103,5150.00,2019-11-21 10:51:37.719265
769,2019112001004558,RHPL,43,21,40,163,6520.00,2019-11-21 10:51:37.719265
770,2019112001004559,SJCL,40,40,20,157,3140.00,2019-11-21 10:51:37.719265
771,2019112001004560,API,25,41,40,104,4160.00,2019-11-21 10:51:37.719265
772,2019112001004561,KBL,22,56,455,180,81900.00,2019-11-21 10:51:37.719265
773,2019112001004562,SABSL,36,29,40,547,21880.00,2019-11-21 10:51:37.719265
774,2019112001004563,SABSL,36,13,10,548,5480.00,2019-11-21 10:51:37.719265
775,2019112001004564,SABSL,36,13,10,548,5480.00,2019-11-21 10:51:37.719265
776,2019112001004565,SABSL,36,13,10,548,5480.00,2019-11-21 10:51:37.719265
777,2019112001004566,SABSL,36,35,10,548,5480.00,2019-11-21 10:51:37.719265
778,2019112001004567,SABSL,36,8,10,548,5480.00,2019-11-21 10:51:37.719265
779,2019112001004568,SABSL,36,8,10,548,5480.00,2019-11-21 10:51:37.719265
780,2019112001004569,LICN,34,34,12,972,11664.00,2019-11-21 10:51:37.719265
781,2019112001004536,SMATA,41,45,20,525,10500.00,2019-11-21 10:51:37.719265
782,2019112001004537,KBL,38,56,45,180,8100.00,2019-11-21 10:51:37.719265
783,2019112001004538,UPPER,50,21,40,226,9040.00,2019-11-21 10:51:37.719265
784,2019112001004539,SMATA,41,22,10,528,5280.00,2019-11-21 10:51:37.719265
785,2019112001004540,GBBL,13,58,300,226,67800.00,2019-11-21 10:51:37.719265
786,2019112001004541,PROFL,19,35,20,96,1920.00,2019-11-21 10:51:37.719265
787,2019112001004542,ILBS,25,21,10,477,4770.00,2019-11-21 10:51:37.719265
788,2019112001004543,MSLB,1,48,105,860,90300.00,2019-11-21 10:51:37.719265
789,2019112001004544,SJCL,7,21,20,156,3120.00,2019-11-21 10:51:37.719265
790,2019112001004545,MFIL,43,47,200,127,25400.00,2019-11-21 10:51:37.719265
791,2019112001004546,MFIL,43,19,500,128,64000.00,2019-11-21 10:51:37.719265
792,2019112001004547,MFIL,43,28,1000,128,128000.00,2019-11-21 10:51:37.719265
793,2019112001004548,MFIL,43,28,990,128,126720.00,2019-11-21 10:51:37.719265
794,2019112001004514,RHPL,43,21,40,163,6520.00,2019-11-21 10:51:37.719265
795,2019112001004515,UPPER,50,21,50,226,11300.00,2019-11-21 10:51:37.719265
796,2019112001004516,RHPL,40,40,10,164,1640.00,2019-11-21 10:51:37.719265
797,2019112001004517,RHPL,40,44,40,164,6560.00,2019-11-21 10:51:37.719265
798,2019112001004518,RHPL,40,34,30,165,4950.00,2019-11-21 10:51:37.719265
799,2019112001004519,RHPL,40,39,40,165,6600.00,2019-11-21 10:51:37.719265
800,2019112001004520,RHPL,40,39,50,165,8250.00,2019-11-21 10:51:37.719265
801,2019112001004521,RHPL,40,39,40,165,6600.00,2019-11-21 10:51:37.719265
802,2019112001004522,RHPL,40,39,50,165,8250.00,2019-11-21 10:51:37.719265
803,2019112001004523,RHPL,40,39,10,165,1650.00,2019-11-21 10:51:37.719265
804,2019112001004524,RHPL,40,58,10,165,1650.00,2019-11-21 10:51:37.719265
805,2019112001004525,RHPL,40,44,40,165,6600.00,2019-11-21 10:51:37.719265
806,2019112001004526,RHPL,40,36,30,165,4950.00,2019-11-21 10:51:37.719265
807,2019112001004527,RHPL,40,36,30,165,4950.00,2019-11-21 10:51:37.719265
808,2019112001004528,RHPL,40,44,40,165,6600.00,2019-11-21 10:51:37.719265
809,2019112001004529,SABSL,19,29,20,547,10940.00,2019-11-21 10:51:37.719265
810,2019112001004530,NABIL,22,8,15,755,11325.00,2019-11-21 10:51:37.719265
811,2019112001004531,PRVU,37,36,36,229,8244.00,2019-11-21 10:51:37.719265
812,2019112001004532,MHNL,45,40,98,81,7938.00,2019-11-21 10:51:37.719265
813,2019112001004533,BOKL,7,1,10,216,2160.00,2019-11-21 10:51:37.719265
814,2019112001004534,BOKL,35,1,190,216,41040.00,2019-11-21 10:51:37.719265
815,2019112001004535,SJCL,7,21,20,156,3120.00,2019-11-21 10:51:37.719265
816,2019112001004504,SABSL,19,50,50,547,27350.00,2019-11-21 10:51:37.719265
817,2019112001004505,PRVU,4,8,65,229,14885.00,2019-11-21 10:51:37.719265
818,2019112001004506,PRVU,4,36,2935,229,672115.00,2019-11-21 10:51:37.719265
819,2019112001004507,SBL,20,44,200,284,56800.00,2019-11-21 10:51:37.719265
820,2019112001004508,NICA,25,10,490,407,199430.00,2019-11-21 10:51:37.719265
821,2019112001004509,NICA,22,10,10,407,4070.00,2019-11-21 10:51:37.719265
822,2019112001004510,SMFBS,28,33,50,796,39800.00,2019-11-21 10:51:37.719265
823,2019112001004511,SEF,3,48,20000,8.8,176000.00,2019-11-21 10:51:37.719265
824,2019112001004512,SJCL,7,21,20,156,3120.00,2019-11-21 10:51:37.719265
825,2019112001004513,LBL,38,32,117,217,25389.00,2019-11-21 10:51:37.719265
826,2019112001004490,SABSL,40,20,10,546,5460.00,2019-11-21 10:51:37.719265
827,2019112001004491,SABSL,19,58,10,547,5470.00,2019-11-21 10:51:37.719265
828,2019112001004492,NBL,25,44,25,317,7925.00,2019-11-21 10:51:37.719265
829,2019112001004493,NBL,13,44,100,317,31700.00,2019-11-21 10:51:37.719265
830,2019112001004494,NHDL,55,41,20,101,2020.00,2019-11-21 10:51:37.719265
831,2019112001004495,SABSL,19,20,10,547,5470.00,2019-11-21 10:51:37.719265
832,2019112001004496,SADBL,32,38,231,137,31647.00,2019-11-21 10:51:37.719265
833,2019112001004497,NMB,40,55,300,386,115800.00,2019-11-21 10:51:37.719265
834,2019112001004498,NBL,14,44,875,317,277375.00,2019-11-21 10:51:37.719265
835,2019112001004499,LBBL,56,1,300,170,51000.00,2019-11-21 10:51:37.719265
836,2019112001004500,SABSL,17,13,10,548,5480.00,2019-11-21 10:51:37.719265
837,2019112001004501,SABSL,19,20,10,547,5470.00,2019-11-21 10:51:37.719265
838,2019112001004502,NICA,25,39,10,407,4070.00,2019-11-21 10:51:37.719265
839,2019112001004503,NICA,55,54,200,409,81800.00,2019-11-21 10:51:37.719265
840,2019112001004463,API,40,43,18,102,1836.00,2019-11-21 10:51:37.719265
841,2019112001004464,TRH,32,6,10,260,2600.00,2019-11-21 10:51:37.719265
842,2019112001004465,NHDL,55,51,50,103,5150.00,2019-11-21 10:51:37.719265
843,2019112001004466,SABSL,19,50,50,547,27350.00,2019-11-21 10:51:37.719265
844,2019112001004467,NLICL,26,8,353,424,149672.00,2019-11-21 10:51:37.719265
845,2019112001004468,NLICL,26,59,90,425,38250.00,2019-11-21 10:51:37.719265
846,2019112001004469,SIL,56,25,10,362,3620.00,2019-11-21 10:51:37.719265
847,2019112001004470,SLBBL,55,42,100,607,60700.00,2019-11-21 10:51:37.719265
848,2019112001004471,SABSL,58,41,10,547,5470.00,2019-11-21 10:51:37.719265
849,2019112001004472,SABSL,58,20,10,547,5470.00,2019-11-21 10:51:37.719265
850,2019112001004473,MEGA,17,8,60,185,11100.00,2019-11-21 10:51:37.719265
851,2019112001004474,MEGA,17,57,100,185,18500.00,2019-11-21 10:51:37.719265
852,2019112001004475,MEGA,17,6,85,185,15725.00,2019-11-21 10:51:37.719265
853,2019112001004476,MEGA,17,8,755,185,139675.00,2019-11-21 10:51:37.719265
854,2019112001004477,NIB,16,17,2242,423,948366.00,2019-11-21 10:51:37.719265
855,2019112001004478,NIB,16,47,30,423,12690.00,2019-11-21 10:51:37.719265
856,2019112001004479,NIB,16,22,192,424,81408.00,2019-11-21 10:51:37.719265
857,2019112001004480,NIB,16,42,200,424,84800.00,2019-11-21 10:51:37.719265
858,2019112001004481,NIB,16,55,44,425,18700.00,2019-11-21 10:51:37.719265
859,2019112001004482,NIB,16,46,500,425,212500.00,2019-11-21 10:51:37.719265
860,2019112001004483,NIB,16,56,117,425,49725.00,2019-11-21 10:51:37.719265
861,2019112001004484,AKBSL,7,3,30,435,13050.00,2019-11-21 10:51:37.719265
862,2019112001004485,AKBSL,7,45,100,435,43500.00,2019-11-21 10:51:37.719265
863,2019112001004486,NLICL,26,35,17,425,7225.00,2019-11-21 10:51:37.719265
864,2019112001004487,SABSL,40,41,10,546,5460.00,2019-11-21 10:51:37.719265
865,2019112001004488,MFIL,32,28,1000,126,126000.00,2019-11-21 10:51:37.719265
866,2019112001004489,NCCB,42,8,51,200,10200.00,2019-11-21 10:51:37.719265
867,2019112001004430,NHDL,35,41,20,106,2120.00,2019-11-21 10:51:37.719265
868,2019112001004431,NHDL,55,41,20,105,2100.00,2019-11-21 10:51:37.719265
869,2019112001004432,SJCL,40,56,10,156,1560.00,2019-11-21 10:51:37.719265
870,2019112001004433,SJCL,7,56,10,156,1560.00,2019-11-21 10:51:37.719265
871,2019112001004434,SJCL,56,44,20,157,3140.00,2019-11-21 10:51:37.719265
872,2019112001004435,NHPC,57,34,50,51,2550.00,2019-11-21 10:51:37.719265
873,2019112001004436,NHPC,35,34,100,51,5100.00,2019-11-21 10:51:37.719265
874,2019112001004437,NHPC,14,34,200,51,10200.00,2019-11-21 10:51:37.719265
875,2019112001004438,NHPC,56,34,500,50,25000.00,2019-11-21 10:51:37.719265
876,2019112001004439,NHPC,56,34,377,50,18850.00,2019-11-21 10:51:37.719265
877,2019112001004440,NHPC,32,34,278,50,13900.00,2019-11-21 10:51:37.719265
878,2019112001004441,NBL,10,17,1000,317,317000.00,2019-11-21 10:51:37.719265
879,2019112001004442,NLICL,1,56,100,423,42300.00,2019-11-21 10:51:37.719265
880,2019112001004443,NMB,32,54,148,385,56980.00,2019-11-21 10:51:37.719265
881,2019112001004444,NMB,13,54,13,385,5005.00,2019-11-21 10:51:37.719265
882,2019112001004445,CFCL,32,28,296,111,32856.00,2019-11-21 10:51:37.719265
883,2019112001004446,CFCL,44,28,100,110,11000.00,2019-11-21 10:51:37.719265
884,2019112001004447,UPCL,56,56,50,74,3700.00,2019-11-21 10:51:37.719265
885,2019112001004448,RHPL,40,40,5,164,820.00,2019-11-21 10:51:37.719265
886,2019112001004449,BOKL,44,43,10,216,2160.00,2019-11-21 10:51:37.719265
887,2019112001004450,BOKL,18,43,100,216,21600.00,2019-11-21 10:51:37.719265
888,2019112001004451,BOKL,7,43,290,216,62640.00,2019-11-21 10:51:37.719265
889,2019112001004452,NABIL,22,28,100,755,75500.00,2019-11-21 10:51:37.719265
890,2019112001004453,NMB,13,45,59,386,22774.00,2019-11-21 10:51:37.719265
891,2019112001004454,NMB,13,55,41,386,15826.00,2019-11-21 10:51:37.719265
892,2019112001004455,UPPER,56,45,50,227,11350.00,2019-11-21 10:51:37.719265
893,2019112001004456,SHPC,13,46,200,186,37200.00,2019-11-21 10:51:37.719265
894,2019112001004457,SHPC,6,46,549,185,101565.00,2019-11-21 10:51:37.719265
895,2019112001004458,SHPC,48,46,951,185,175935.00,2019-11-21 10:51:37.719265
896,2019112001004459,UPPER,50,56,50,226,11300.00,2019-11-21 10:51:37.719265
897,2019112001004460,NABIL,22,28,85,755,64175.00,2019-11-21 10:51:37.719265
898,2019112001004461,PIC,37,43,34,354,12036.00,2019-11-21 10:51:37.719265
899,2019112001004462,NMB,29,55,10,386,3860.00,2019-11-21 10:51:37.719265
900,2019112001004396,NIBPO,28,36,333,386,128538.00,2019-11-21 10:51:37.719265
901,2019112001004397,NIBPO,28,36,500,386,193000.00,2019-11-21 10:51:37.719265
902,2019112001004398,NIBPO,28,36,500,386,193000.00,2019-11-21 10:51:37.719265
903,2019112001004399,NIBPO,55,36,667,385,256795.00,2019-11-21 10:51:37.719265
904,2019112001004400,NUBL,21,50,57,893,50901.00,2019-11-21 10:51:37.719265
905,2019112001004401,PRVU,49,17,236,228,53808.00,2019-11-21 10:51:37.719265
906,2019112001004402,NMB,32,42,74,385,28490.00,2019-11-21 10:51:37.719265
907,2019112001004403,DBBL,29,46,200,123,24600.00,2019-11-21 10:51:37.719265
908,2019112001004404,NIB,28,54,176,422,74272.00,2019-11-21 10:51:37.719265
909,2019112001004405,ADBL,38,14,369,416,153504.00,2019-11-21 10:51:37.719265
910,2019112001004406,ADBL,38,14,1000,416,416000.00,2019-11-21 10:51:37.719265
911,2019112001004407,ADBL,5,14,200,416,83200.00,2019-11-21 10:51:37.719265
912,2019112001004408,ADBL,38,14,431,416,179296.00,2019-11-21 10:51:37.719265
913,2019112001004409,SMFBS,28,33,50,796,39800.00,2019-11-21 10:51:37.719265
914,2019112001004410,PRVU,4,8,600,229,137400.00,2019-11-21 10:51:37.719265
915,2019112001004411,MDB,53,28,1000,240,240000.00,2019-11-21 10:51:37.719265
916,2019112001004412,MDB,7,28,300,239,71700.00,2019-11-21 10:51:37.719265
917,2019112001004413,MDB,48,28,30,239,7170.00,2019-11-21 10:51:37.719265
918,2019112001004414,NLIC,32,58,250,790,197500.00,2019-11-21 10:51:37.719265
919,2019112001004415,MNBBL,19,49,100,315,31500.00,2019-11-21 10:51:37.719265
920,2019112001004416,BOKL,34,39,69,217,14973.00,2019-11-21 10:51:37.719265
921,2019112001004417,BOKL,34,39,31,217,6727.00,2019-11-21 10:51:37.719265
922,2019112001004418,RHPL,43,56,30,163,4890.00,2019-11-21 10:51:37.719265
923,2019112001004419,RHPL,56,40,30,164,4920.00,2019-11-21 10:51:37.719265
924,2019112001004420,MDB,38,28,42,238,9996.00,2019-11-21 10:51:37.719265
925,2019112001004421,SRBL,6,22,301,211,63511.00,2019-11-21 10:51:37.719265
926,2019112001004422,SABSL,40,20,10,546,5460.00,2019-11-21 10:51:37.719265
927,2019112001004423,SABSL,19,42,10,547,5470.00,2019-11-21 10:51:37.719265
928,2019112001004424,SABSL,19,42,10,547,5470.00,2019-11-21 10:51:37.719265
929,2019112001004425,SABSL,19,19,10,547,5470.00,2019-11-21 10:51:37.719265
930,2019112001004426,SABSL,19,42,10,547,5470.00,2019-11-21 10:51:37.719265
931,2019112001004427,SABSL,19,19,10,547,5470.00,2019-11-21 10:51:37.719265
932,2019112001004428,SABSL,19,5,50,547,27350.00,2019-11-21 10:51:37.719265
933,2019112001004429,NLIC,32,54,51,790,40290.00,2019-11-21 10:51:37.719265
934,2019112001004371,NMB,25,21,212,385,81620.00,2019-11-21 10:51:37.719265
935,2019112001004372,NMB,32,21,88,385,33880.00,2019-11-21 10:51:37.719265
936,2019112001004373,MERO,50,19,50,420,21000.00,2019-11-21 10:51:37.719265
937,2019112001004374,MERO,41,19,160,419,67040.00,2019-11-21 10:51:37.719265
938,2019112001004375,MERO,39,19,58,418,24244.00,2019-11-21 10:51:37.719265
939,2019112001004376,MERO,42,19,32,418,13376.00,2019-11-21 10:51:37.719265
940,2019112001004377,PFL,13,21,13,136,1768.00,2019-11-21 10:51:37.719265
941,2019112001004378,PFL,13,51,204,136,27744.00,2019-11-21 10:51:37.719265
942,2019112001004379,NBL,49,44,150,317,47550.00,2019-11-21 10:51:37.719265
943,2019112001004380,PPCL,56,56,10,103,1030.00,2019-11-21 10:51:37.719265
944,2019112001004381,NICA,22,45,50,409,20450.00,2019-11-21 10:51:37.719265
945,2019112001004382,GBLBS,42,7,50,297,14850.00,2019-11-21 10:51:37.719265
946,2019112001004383,GBLBS,42,7,10,297,2970.00,2019-11-21 10:51:37.719265
947,2019112001004384,GBLBS,8,7,290,297,86130.00,2019-11-21 10:51:37.719265
948,2019112001004385,SHL,37,58,300,211,63300.00,2019-11-21 10:51:37.719265
949,2019112001004386,RSDC,42,35,39,295,11505.00,2019-11-21 10:51:37.719265
950,2019112001004387,RSDC,42,33,11,296,3256.00,2019-11-21 10:51:37.719265
951,2019112001004388,SINDU,59,58,10,122,1220.00,2019-11-21 10:51:37.719265
952,2019112001004389,NMB,32,54,190,385,73150.00,2019-11-21 10:51:37.719265
953,2019112001004390,PLIC,14,4,80,307,24560.00,2019-11-21 10:51:37.719265
954,2019112001004391,PLIC,45,4,200,306,61200.00,2019-11-21 10:51:37.719265
955,2019112001004392,PLIC,49,4,22,306,6732.00,2019-11-21 10:51:37.719265
956,2019112001004393,SANIMA,39,22,100,305,30500.00,2019-11-21 10:51:37.719265
957,2019112001004394,AKPL,10,49,84,116,9744.00,2019-11-21 10:51:37.719265
958,2019112001004395,NICA,44,28,50,410,20500.00,2019-11-21 10:51:37.719265
959,2019112001004360,SLBSL,59,59,10,714,7140.00,2019-11-21 10:51:37.719265
960,2019112001004361,NBL,10,37,150,317,47550.00,2019-11-21 10:51:37.719265
961,2019112001004362,NBL,10,44,850,317,269450.00,2019-11-21 10:51:37.719265
962,2019112001004363,MEGA,49,8,102,184,18768.00,2019-11-21 10:51:37.719265
963,2019112001004364,UPPER,59,45,50,227,11350.00,2019-11-21 10:51:37.719265
964,2019112001004365,UPPER,50,59,50,226,11300.00,2019-11-21 10:51:37.719265
965,2019112001004366,CIT,26,33,19,1760,33440.00,2019-11-21 10:51:37.719265
966,2019112001004367,CIT,26,46,18,1760,31680.00,2019-11-21 10:51:37.719265
967,2019112001004368,CIT,26,6,13,1760,22880.00,2019-11-21 10:51:37.719265
968,2019112001004369,GILB,6,16,10,746,7460.00,2019-11-21 10:51:37.719265
969,2019112001004370,AKPL,10,22,168,116,19488.00,2019-11-21 10:51:37.719265
970,2019112001004330,SJCL,59,44,20,157,3140.00,2019-11-21 10:51:37.719265
971,2019112001004331,SABSL,57,1,10,545,5450.00,2019-11-21 10:51:37.719265
972,2019112001004332,ILBS,25,42,10,477,4770.00,2019-11-21 10:51:37.719265
973,2019112001004333,HBL,14,49,58,485,28130.00,2019-11-21 10:51:37.719265
974,2019112001004334,HBL,50,49,10,484,4840.00,2019-11-21 10:51:37.719265
975,2019112001004335,HBL,3,49,150,482,72300.00,2019-11-21 10:51:37.719265
976,2019112001004336,HBL,44,49,20,482,9640.00,2019-11-21 10:51:37.719265
977,2019112001004337,SJCL,40,59,20,156,3120.00,2019-11-21 10:51:37.719265
978,2019112001004338,NICA,41,32,38,410,15580.00,2019-11-21 10:51:37.719265
979,2019112001004339,NICA,51,32,50,410,20500.00,2019-11-21 10:51:37.719265
980,2019112001004340,NICA,17,32,50,410,20500.00,2019-11-21 10:51:37.719265
981,2019112001004341,NICA,32,32,397,410,162770.00,2019-11-21 10:51:37.719265
982,2019112001004342,ALBSL,57,46,110,398,43780.00,2019-11-21 10:51:37.719265
983,2019112001004343,NGPL,19,48,200,110,22000.00,2019-11-21 10:51:37.719265
984,2019112001004344,NICA,32,28,403,410,165230.00,2019-11-21 10:51:37.719265
985,2019112001004345,SABSL,40,47,10,546,5460.00,2019-11-21 10:51:37.719265
986,2019112001004346,SABSL,40,47,10,546,5460.00,2019-11-21 10:51:37.719265
987,2019112001004347,SABSL,40,47,10,546,5460.00,2019-11-21 10:51:37.719265
988,2019112001004348,NABIL,26,8,40,755,30200.00,2019-11-21 10:51:37.719265
989,2019112001004349,NMB,25,22,76,385,29260.00,2019-11-21 10:51:37.719265
990,2019112001004350,UPPER,50,54,40,226,9040.00,2019-11-21 10:51:37.719265
991,2019112001004351,SJCL,40,28,20,156,3120.00,2019-11-21 10:51:37.719265
992,2019112001004352,LBBL,56,8,16,169,2704.00,2019-11-21 10:51:37.719265
993,2019112001004353,CHCL,39,11,554,350,193900.00,2019-11-21 10:51:37.719265
994,2019112001004354,CHCL,48,11,461,350,161350.00,2019-11-21 10:51:37.719265
995,2019112001004355,GBLBS,13,19,50,298,14900.00,2019-11-21 10:51:37.719265
996,2019112001004356,SJCL,14,19,20,157,3140.00,2019-11-21 10:51:37.719265
997,2019112001004357,NTC,59,32,15,624,9360.00,2019-11-21 10:51:37.719265
998,2019112001004358,NTC,59,16,10,629,6290.00,2019-11-21 10:51:37.719265
999,2019112001004359,SLBBL,37,40,100,605,60500.00,2019-11-21 10:51:37.719265
1000,2019112001004305,NICA,13,14,450,410,184500.00,2019-11-21 10:51:37.719265
1001,2019112001004306,NICA,41,14,162,410,66420.00,2019-11-21 10:51:37.719265
1002,2019112001004307,CCBL,16,48,200,163,32600.00,2019-11-21 10:51:37.719265
1003,2019112001004308,LICN,20,59,10,957,9570.00,2019-11-21 10:51:37.719265
1004,2019112001004309,LICN,45,59,100,954,95400.00,2019-11-21 10:51:37.719265
1005,2019112001004310,LICN,14,59,11,953,10483.00,2019-11-21 10:51:37.719265
1006,2019112001004311,LICN,25,59,100,953,95300.00,2019-11-21 10:51:37.719265
1007,2019112001004312,ILBS,59,59,10,478,4780.00,2019-11-21 10:51:37.719265
1008,2019112001004313,NADEP,44,8,10,393,3930.00,2019-11-21 10:51:37.719265
1009,2019112001004314,GGBSL,36,57,10,576,5760.00,2019-11-21 10:51:37.719265
1010,2019112001004315,SIFC,38,50,95,148,14060.00,2019-11-21 10:51:37.719265
1011,2019112001004316,NCCB,4,44,215,200,43000.00,2019-11-21 10:51:37.719265
1012,2019112001004317,PRVU,35,8,300,229,68700.00,2019-11-21 10:51:37.719265
1013,2019112001004318,RHPC,37,8,19,70,1330.00,2019-11-21 10:51:37.719265
1014,2019112001004319,RHPL,59,59,40,164,6560.00,2019-11-21 10:51:37.719265
1015,2019112001004320,RHPC,32,48,1800,71,127800.00,2019-11-21 10:51:37.719265
1016,2019112001004321,NGPL,19,46,300,110,33000.00,2019-11-21 10:51:37.719265
1017,2019112001004322,ILBS,25,42,10,477,4770.00,2019-11-21 10:51:37.719265
1018,2019112001004323,SHL,56,58,100,210,21000.00,2019-11-21 10:51:37.719265
1019,2019112001004324,SHL,19,58,100,210,21000.00,2019-11-21 10:51:37.719265
1020,2019112001004325,SHL,36,58,100,210,21000.00,2019-11-21 10:51:37.719265
1021,2019112001004326,SHL,45,58,100,210,21000.00,2019-11-21 10:51:37.719265
1022,2019112001004327,SHL,13,58,100,210,21000.00,2019-11-21 10:51:37.719265
1023,2019112001004328,SMFDB,29,17,30,505,15150.00,2019-11-21 10:51:37.719265
1024,2019112001004329,SMFDB,1,17,72,502,36144.00,2019-11-21 10:51:37.719265
1025,2019112001004289,NICA,48,58,300,410,123000.00,2019-11-21 10:51:37.719265
1026,2019112001004290,NICA,48,28,200,410,82000.00,2019-11-21 10:51:37.719265
1027,2019112001004291,NICA,36,28,50,410,20500.00,2019-11-21 10:51:37.719265
1028,2019112001004292,NICA,13,28,750,410,307500.00,2019-11-21 10:51:37.719265
1029,2019112001004293,NMBMF,57,38,70,479,33530.00,2019-11-21 10:51:37.719265
1030,2019112001004294,SBL,28,44,200,284,56800.00,2019-11-21 10:51:37.719265
1031,2019112001004295,SDESI,33,22,100,643,64300.00,2019-11-21 10:51:37.719265
1032,2019112001004296,SCB,42,17,100,550,55000.00,2019-11-21 10:51:37.719265
1033,2019112001004297,SABSL,40,44,10,546,5460.00,2019-11-21 10:51:37.719265
1034,2019112001004298,SABSL,40,47,10,546,5460.00,2019-11-21 10:51:37.719265
1035,2019112001004299,SABSL,40,47,10,546,5460.00,2019-11-21 10:51:37.719265
1036,2019112001004300,SABSL,40,47,10,546,5460.00,2019-11-21 10:51:37.719265
1037,2019112001004301,SJCL,40,28,20,156,3120.00,2019-11-21 10:51:37.719265
1038,2019112001004302,LGIL,49,42,80,315,25200.00,2019-11-21 10:51:37.719265
1039,2019112001004303,RBCL,34,56,25,8200,205000.00,2019-11-21 10:51:37.719265
1040,2019112001004304,NADEP,48,8,10,392,3920.00,2019-11-21 10:51:37.719265
1041,2019112001004269,SJCL,40,28,20,156,3120.00,2019-11-21 10:51:37.719265
1042,2019112001004270,SLBBL,48,52,150,606,90900.00,2019-11-21 10:51:37.719265
1043,2019112001004271,SJCL,40,28,20,156,3120.00,2019-11-21 10:51:37.719265
1044,2019112001004272,LICN,25,59,100,971,97100.00,2019-11-21 10:51:37.719265
1045,2019112001004273,LICN,25,59,30,959,28770.00,2019-11-21 10:51:37.719265
1046,2019112001004274,LICN,40,59,40,956,38240.00,2019-11-21 10:51:37.719265
1047,2019112001004275,LICN,20,59,100,956,95600.00,2019-11-21 10:51:37.719265
1048,2019112001004276,LICN,25,59,1000,955,955000.00,2019-11-21 10:51:37.719265
1049,2019112001004277,RHPC,51,48,200,71,14200.00,2019-11-21 10:51:37.719265
1050,2019112001004278,NICA,11,28,10,411,4110.00,2019-11-21 10:51:37.719265
1051,2019112001004279,MNBBL,11,49,668,314,209752.00,2019-11-21 10:51:37.719265
1052,2019112001004280,CHCL,13,22,125,351,43875.00,2019-11-21 10:51:37.719265
1053,2019112001004281,CHCL,56,22,900,351,315900.00,2019-11-21 10:51:37.719265
1054,2019112001004282,CHCL,17,22,250,351,87750.00,2019-11-21 10:51:37.719265
1055,2019112001004283,CHCL,22,22,1730,351,607230.00,2019-11-21 10:51:37.719265
1056,2019112001004284,SABSL,14,39,10,546,5460.00,2019-11-21 10:51:37.719265
1057,2019112001004285,SABSL,14,47,10,546,5460.00,2019-11-21 10:51:37.719265
1058,2019112001004286,SABSL,14,39,10,546,5460.00,2019-11-21 10:51:37.719265
1059,2019112001004287,SABSL,14,47,10,546,5460.00,2019-11-21 10:51:37.719265
1060,2019112001004288,CBL,29,48,94,138,12972.00,2019-11-21 10:51:37.719265
1061,2019112001004254,CBL,29,19,41,138,5658.00,2019-11-21 10:51:37.719265
1062,2019112001004255,NHDL,35,39,20,107,2140.00,2019-11-21 10:51:37.719265
1063,2019112001004256,CHCL,16,35,157,352,55264.00,2019-11-21 10:51:37.719265
1064,2019112001004257,CHCL,13,35,52,352,18304.00,2019-11-21 10:51:37.719265
1065,2019112001004258,SJCL,40,28,20,156,3120.00,2019-11-21 10:51:37.719265
1066,2019112001004259,SJCL,40,28,10,156,1560.00,2019-11-21 10:51:37.719265
1067,2019112001004260,MNBBL,35,17,180,314,56520.00,2019-11-21 10:51:37.719265
1068,2019112001004261,MNBBL,5,17,100,314,31400.00,2019-11-21 10:51:37.719265
1069,2019112001004262,MNBBL,11,17,152,314,47728.00,2019-11-21 10:51:37.719265
1070,2019112001004263,KKHC,49,13,10,50,500.00,2019-11-21 10:51:37.719265
1071,2019112001004264,GLICL,49,42,104,350,36400.00,2019-11-21 10:51:37.719265
1072,2019112001004265,NCCB,13,44,685,200,137000.00,2019-11-21 10:51:37.719265
1073,2019112001004266,NCCB,25,44,100,200,20000.00,2019-11-21 10:51:37.719265
1074,2019112001004267,SJCL,40,28,20,156,3120.00,2019-11-21 10:51:37.719265
1075,2019112001004268,SJCL,40,28,20,156,3120.00,2019-11-21 10:51:37.719265
1076,2019112001004220,JOSHI,56,56,20,60,1200.00,2019-11-21 10:51:37.719265
1077,2019112001004221,BPCL,44,44,3,341,1023.00,2019-11-21 10:51:37.719265
1078,2019112001004222,SHIVM,35,45,20,416,8320.00,2019-11-21 10:51:37.719265
1079,2019112001004223,SHIVM,58,45,220,415,91300.00,2019-11-21 10:51:37.719265
1080,2019112001004224,SHIVM,58,45,200,415,83000.00,2019-11-21 10:51:37.719265
1081,2019112001004225,SHIVM,25,45,50,415,20750.00,2019-11-21 10:51:37.719265
1082,2019112001004226,SHIVM,22,45,200,415,83000.00,2019-11-21 10:51:37.719265
1083,2019112001004227,SHIVM,21,45,310,414,128340.00,2019-11-21 10:51:37.719265
1084,2019112001004228,SABSL,36,39,10,546,5460.00,2019-11-21 10:51:37.719265
1085,2019112001004229,SJCL,20,28,20,156,3120.00,2019-11-21 10:51:37.719265
1086,2019112001004230,SABSL,36,47,10,546,5460.00,2019-11-21 10:51:37.719265
1087,2019112001004231,NHDL,42,56,500,108,54000.00,2019-11-21 10:51:37.719265
1088,2019112001004232,NHDL,42,56,500,108,54000.00,2019-11-21 10:51:37.719265
1089,2019112001004233,SCB,41,54,20,550,11000.00,2019-11-21 10:51:37.719265
1090,2019112001004234,SCB,41,17,30,550,16500.00,2019-11-21 10:51:37.719265
1091,2019112001004235,MEGA,49,11,15,184,2760.00,2019-11-21 10:51:37.719265
1092,2019112001004236,GLICL,42,42,50,352,17600.00,2019-11-21 10:51:37.719265
1093,2019112001004237,GLICL,49,42,50,352,17600.00,2019-11-21 10:51:37.719265
1094,2019112001004238,GLICL,35,42,50,351,17550.00,2019-11-21 10:51:37.719265
1095,2019112001004239,GLICL,29,42,40,350,14000.00,2019-11-21 10:51:37.719265
1096,2019112001004240,GLICL,58,42,300,350,105000.00,2019-11-21 10:51:37.719265
1097,2019112001004241,GLICL,54,42,300,350,105000.00,2019-11-21 10:51:37.719265
1098,2019112001004242,GLICL,48,42,100,350,35000.00,2019-11-21 10:51:37.719265
1099,2019112001004243,SJCL,20,28,20,156,3120.00,2019-11-21 10:51:37.719265
1100,2019112001004244,SHPC,8,17,100,186,18600.00,2019-11-21 10:51:37.719265
1101,2019112001004245,SHPC,6,17,451,185,83435.00,2019-11-21 10:51:37.719265
1102,2019112001004246,NABIL,26,19,60,755,45300.00,2019-11-21 10:51:37.719265
1103,2019112001004247,NIBPO,28,50,167,386,64462.00,2019-11-21 10:51:37.719265
1104,2019112001004248,SJCL,20,28,20,156,3120.00,2019-11-21 10:51:37.719265
1105,2019112001004249,NICA,49,28,60,411,24660.00,2019-11-21 10:51:37.719265
1106,2019112001004250,SJCL,20,28,20,156,3120.00,2019-11-21 10:51:37.719265
1107,2019112001004251,NGPL,51,48,200,110,22000.00,2019-11-21 10:51:37.719265
1108,2019112001004252,CBL,29,42,186,138,25668.00,2019-11-21 10:51:37.719265
1109,2019112001004253,SJCL,40,40,20,156,3120.00,2019-11-21 10:51:37.719265
1110,2019112001004187,NBL,5,17,260,317,82420.00,2019-11-21 10:51:37.719265
1111,2019112001004188,NBL,5,37,50,317,15850.00,2019-11-21 10:51:37.719265
1112,2019112001004189,PRVU,51,45,25,229,5725.00,2019-11-21 10:51:37.719265
1113,2019112001004190,PRVU,51,8,35,229,8015.00,2019-11-21 10:51:37.719265
1114,2019112001004191,PRVU,49,19,36,228,8208.00,2019-11-21 10:51:37.719265
1115,2019112001004192,NMB,50,45,51,386,19686.00,2019-11-21 10:51:37.719265
1116,2019112001004193,EIC,6,49,50,218,10900.00,2019-11-21 10:51:37.719265
1117,2019112001004194,RADHI,41,34,11,146,1606.00,2019-11-21 10:51:37.719265
1118,2019112001004195,NCCB,13,11,21,200,4200.00,2019-11-21 10:51:37.719265
1119,2019112001004196,MLBL,47,52,200,175,35000.00,2019-11-21 10:51:37.719265
1120,2019112001004197,MLBL,28,52,27,174,4698.00,2019-11-21 10:51:37.719265
1121,2019112001004198,MLBL,59,52,1000,174,174000.00,2019-11-21 10:51:37.719265
1122,2019112001004199,MLBL,59,52,1000,174,174000.00,2019-11-21 10:51:37.719265
1123,2019112001004200,MLBL,32,52,300,174,52200.00,2019-11-21 10:51:37.719265
1124,2019112001004201,MLBL,1,52,473,174,82302.00,2019-11-21 10:51:37.719265
1125,2019112001004202,ALBSL,14,38,10,396,3960.00,2019-11-21 10:51:37.719265
1126,2019112001004203,SCB,41,54,20,550,11000.00,2019-11-21 10:51:37.719265
1127,2019112001004204,SJCL,38,28,20,156,3120.00,2019-11-21 10:51:37.719265
1128,2019112001004205,ILBS,56,56,10,478,4780.00,2019-11-21 10:51:37.719265
1129,2019112001004206,DBBL,29,25,78,123,9594.00,2019-11-21 10:51:37.719265
1130,2019112001004207,CBBL,49,58,220,970,213400.00,2019-11-21 10:51:37.719265
1131,2019112001004208,ADBL,38,42,160,416,66560.00,2019-11-21 10:51:37.719265
1132,2019112001004209,SABSL,36,39,10,546,5460.00,2019-11-21 10:51:37.719265
1133,2019112001004210,SJCL,38,28,20,156,3120.00,2019-11-21 10:51:37.719265
1134,2019112001004211,AHPC,57,40,705,95,66975.00,2019-11-21 10:51:37.719265
1135,2019112001004212,PCBL,40,19,64,275,17600.00,2019-11-21 10:51:37.719265
1136,2019112001004213,SLBBL,28,1,146,605,88330.00,2019-11-21 10:51:37.719265
1137,2019112001004214,SLBBL,17,1,20,605,12100.00,2019-11-21 10:51:37.719265
1138,2019112001004215,SLBBL,37,1,234,605,141570.00,2019-11-21 10:51:37.719265
1139,2019112001004216,SJCL,38,28,20,156,3120.00,2019-11-21 10:51:37.719265
1140,2019112001004217,BPCL,33,42,118,347,40946.00,2019-11-21 10:51:37.719265
1141,2019112001004218,GBLBS,19,45,15,300,4500.00,2019-11-21 10:51:37.719265
1142,2019112001004219,GBLBS,19,42,85,300,25500.00,2019-11-21 10:51:37.719265
1143,2019112001004161,MBL,22,22,100,223,22300.00,2019-11-21 10:51:37.719265
1144,2019112001004162,MBL,22,58,50,223,11150.00,2019-11-21 10:51:37.719265
1145,2019112001004163,MBL,22,46,25,223,5575.00,2019-11-21 10:51:37.719265
1146,2019112001004164,SJCL,38,28,20,156,3120.00,2019-11-21 10:51:37.719265
1147,2019112001004165,NBB,10,39,500,205,102500.00,2019-11-21 10:51:37.719265
1148,2019112001004166,ILBS,25,21,10,477,4770.00,2019-11-21 10:51:37.719265
1149,2019112001004167,RHPL,6,51,20,164,3280.00,2019-11-21 10:51:37.719265
1150,2019112001004168,RHPL,6,51,30,164,4920.00,2019-11-21 10:51:37.719265
1151,2019112001004169,RHPL,6,40,25,164,4100.00,2019-11-21 10:51:37.719265
1152,2019112001004170,NHDL,49,39,90,109,9810.00,2019-11-21 10:51:37.719265
1153,2019112001004171,AKPL,52,39,130,117,15210.00,2019-11-21 10:51:37.719265
1154,2019112001004172,SABSL,36,39,10,546,5460.00,2019-11-21 10:51:37.719265
1155,2019112001004173,MLBL,52,52,10000,172,1720000.00,2019-11-21 10:51:37.719265
1156,2019112001004174,SJCL,38,28,20,156,3120.00,2019-11-21 10:51:37.719265
1157,2019112001004175,NBL,21,17,50,317,15850.00,2019-11-21 10:51:37.719265
1158,2019112001004176,NICL,43,17,240,250,60000.00,2019-11-21 10:51:37.719265
1159,2019112001004177,UPPER,29,45,200,227,45400.00,2019-11-21 10:51:37.719265
1160,2019112001004178,API,51,42,21,102,2142.00,2019-11-21 10:51:37.719265
1161,2019112001004179,API,13,42,100,102,10200.00,2019-11-21 10:51:37.719265
1162,2019112001004180,API,51,42,1000,102,102000.00,2019-11-21 10:51:37.719265
1163,2019112001004181,API,1,42,300,102,30600.00,2019-11-21 10:51:37.719265
1164,2019112001004182,API,40,42,1579,102,161058.00,2019-11-21 10:51:37.719265
1165,2019112001004183,MEGA,49,42,100,184,18400.00,2019-11-21 10:51:37.719265
1166,2019112001004184,GLBSL,56,56,10,401,4010.00,2019-11-21 10:51:37.719265
1167,2019112001004185,SJCL,38,28,10,156,1560.00,2019-11-21 10:51:37.719265
1168,2019112001004186,SLBBL,50,52,50,606,30300.00,2019-11-21 10:51:37.719265
1169,2019112001004133,SCB,45,22,200,549,109800.00,2019-11-21 10:51:37.719265
1170,2019112001004134,SCB,45,41,20,549,10980.00,2019-11-21 10:51:37.719265
1171,2019112001004135,KBL,13,19,85,179,15215.00,2019-11-21 10:51:37.719265
1172,2019112001004136,SJCL,38,28,20,156,3120.00,2019-11-21 10:51:37.719265
1173,2019112001004137,PIC,5,56,65,351,22815.00,2019-11-21 10:51:37.719265
1174,2019112001004138,PFL,13,41,26,135,3510.00,2019-11-21 10:51:37.719265
1175,2019112001004139,SJCL,38,39,20,156,3120.00,2019-11-21 10:51:37.719265
1176,2019112001004140,RHPL,49,51,10,164,1640.00,2019-11-21 10:51:37.719265
1177,2019112001004141,GMFBS,39,39,10,496,4960.00,2019-11-21 10:51:37.719265
1178,2019112001004142,GMFBS,38,39,40,495,19800.00,2019-11-21 10:51:37.719265
1179,2019112001004143,GMFBS,13,39,30,495,14850.00,2019-11-21 10:51:37.719265
1180,2019112001004144,ILBS,1,38,10,480,4800.00,2019-11-21 10:51:37.719265
1181,2019112001004145,ILBS,1,58,90,481,43290.00,2019-11-21 10:51:37.719265
1182,2019112001004146,NMB,5,6,121,386,46706.00,2019-11-21 10:51:37.719265
1183,2019112001004147,NMB,22,6,879,386,339294.00,2019-11-21 10:51:37.719265
1184,2019112001004148,AKBSL,43,17,100,431,43100.00,2019-11-21 10:51:37.719265
1185,2019112001004149,NBL,55,17,300,317,95100.00,2019-11-21 10:51:37.719265
1186,2019112001004150,SIFC,45,50,200,148,29600.00,2019-11-21 10:51:37.719265
1187,2019112001004151,NCCB,13,19,63,200,12600.00,2019-11-21 10:51:37.719265
1188,2019112001004152,SABSL,36,39,10,546,5460.00,2019-11-21 10:51:37.719265
1189,2019112001004153,SABSL,36,39,10,546,5460.00,2019-11-21 10:51:37.719265
1190,2019112001004154,NMB,22,55,121,386,46706.00,2019-11-21 10:51:37.719265
1191,2019112001004155,NMB,52,55,300,386,115800.00,2019-11-21 10:51:37.719265
1192,2019112001004156,NMB,45,55,200,386,77200.00,2019-11-21 10:51:37.719265
1193,2019112001004157,NMB,50,55,79,386,30494.00,2019-11-21 10:51:37.719265
1194,2019112001004158,AKJCL,11,45,20,55,1100.00,2019-11-21 10:51:37.719265
1195,2019112001004159,SJCL,38,28,20,156,3120.00,2019-11-21 10:51:37.719265
1196,2019112001004160,RHPL,43,39,40,163,6520.00,2019-11-21 10:51:37.719265
1197,2019112001004110,HDL,22,7,13,1765,22945.00,2019-11-21 10:51:37.719265
1198,2019112001004111,CBL,57,42,100,139,13900.00,2019-11-21 10:51:37.719265
1199,2019112001004112,DBBL,57,25,922,123,113406.00,2019-11-21 10:51:37.719265
1200,2019112001004113,GMFBS,39,42,10,496,4960.00,2019-11-21 10:51:37.719265
1201,2019112001004114,NCCB,13,22,1000,200,200000.00,2019-11-21 10:51:37.719265
1202,2019112001004115,FMDBL,55,47,100,305,30500.00,2019-11-21 10:51:37.719265
1203,2019112001004116,FMDBL,46,47,100,305,30500.00,2019-11-21 10:51:37.719265
1204,2019112001004117,RHPL,58,51,20,164,3280.00,2019-11-21 10:51:37.719265
1205,2019112001004118,RHPL,49,51,10,164,1640.00,2019-11-21 10:51:37.719265
1206,2019112001004119,CBBL,39,58,80,970,77600.00,2019-11-21 10:51:37.719265
1207,2019112001004120,SJCL,38,28,20,156,3120.00,2019-11-21 10:51:37.719265
1208,2019112001004121,ADBL,38,56,45,416,18720.00,2019-11-21 10:51:37.719265
1209,2019112001004122,HDL,35,7,50,1765,88250.00,2019-11-21 10:51:37.719265
1210,2019112001004123,EIC,45,17,20,217,4340.00,2019-11-21 10:51:37.719265
1211,2019112001004124,EIC,22,17,200,217,43400.00,2019-11-21 10:51:37.719265
1212,2019112001004125,EIC,34,17,100,217,21700.00,2019-11-21 10:51:37.719265
1213,2019112001004126,EIC,44,17,70,216,15120.00,2019-11-21 10:51:37.719265
1214,2019112001004127,EIC,17,17,100,216,21600.00,2019-11-21 10:51:37.719265
1215,2019112001004128,EIC,41,17,100,216,21600.00,2019-11-21 10:51:37.719265
1216,2019112001004129,SLBBL,44,42,50,606,30300.00,2019-11-21 10:51:37.719265
1217,2019112001004130,NHDL,49,42,10,111,1110.00,2019-11-21 10:51:37.719265
1218,2019112001004131,RADHI,19,41,11,145,1595.00,2019-11-21 10:51:37.719265
1219,2019112001004132,RHPL,49,51,30,164,4920.00,2019-11-21 10:51:37.719265
1220,2019112001004069,BPCL,56,36,11,348,3828.00,2019-11-21 10:51:37.719265
1221,2019112001004070,NICL,36,17,19,252,4788.00,2019-11-21 10:51:37.719265
1222,2019112001004071,NICL,11,17,27,252,6804.00,2019-11-21 10:51:37.719265
1223,2019112001004072,NICL,56,17,10,252,2520.00,2019-11-21 10:51:37.719265
1224,2019112001004073,NICL,26,17,30,251,7530.00,2019-11-21 10:51:37.719265
1225,2019112001004074,NICL,44,17,500,250,125000.00,2019-11-21 10:51:37.719265
1226,2019112001004075,NICL,28,17,96,250,24000.00,2019-11-21 10:51:37.719265
1227,2019112001004076,UPPER,50,50,40,226,9040.00,2019-11-21 10:51:37.719265
1228,2019112001004077,NLIC,16,45,186,790,146940.00,2019-11-21 10:51:37.719265
1229,2019112001004078,NBL,10,17,90,317,28530.00,2019-11-21 10:51:37.719265
1230,2019112001004079,UPPER,50,19,200,226,45200.00,2019-11-21 10:51:37.719265
1231,2019112001004080,NCCB,13,43,1000,200,200000.00,2019-11-21 10:51:37.719265
1232,2019112001004081,UPPER,50,59,72,226,16272.00,2019-11-21 10:51:37.719265
1233,2019112001004082,BPCL,33,56,11,347,3817.00,2019-11-21 10:51:37.719265
1234,2019112001004083,HDL,1,7,12,1765,21180.00,2019-11-21 10:51:37.719265
1235,2019112001004084,PCBL,32,58,200,276,55200.00,2019-11-21 10:51:37.719265
1236,2019112001004085,PCBL,32,58,200,276,55200.00,2019-11-21 10:51:37.719265
1237,2019112001004086,NICGF,22,6,500,8.8,4400.00,2019-11-21 10:51:37.719265
1238,2019112001004087,EBL,35,28,90,552,49680.00,2019-11-21 10:51:37.719265
1239,2019112001004088,SHIVM,3,32,90,417,37530.00,2019-11-21 10:51:37.719265
1240,2019112001004089,SHIVM,21,32,100,417,41700.00,2019-11-21 10:51:37.719265
1241,2019112001004090,SHIVM,21,32,20,417,8340.00,2019-11-21 10:51:37.719265
1242,2019112001004091,SHIVM,22,32,30,417,12510.00,2019-11-21 10:51:37.719265
1243,2019112001004092,UPPER,50,19,20,226,4520.00,2019-11-21 10:51:37.719265
1244,2019112001004093,MEGA,49,21,104,184,19136.00,2019-11-21 10:51:37.719265
1245,2019112001004094,SANIMA,32,17,69,305,21045.00,2019-11-21 10:51:37.719265
1246,2019112001004095,SANIMA,42,17,500,305,152500.00,2019-11-21 10:51:37.719265
1247,2019112001004096,SANIMA,39,17,728,305,222040.00,2019-11-21 10:51:37.719265
1248,2019112001004097,SHIVM,22,45,70,417,29190.00,2019-11-21 10:51:37.719265
1249,2019112001004098,SHIVM,7,45,200,416,83200.00,2019-11-21 10:51:37.719265
1250,2019112001004099,SHIVM,35,45,50,416,20800.00,2019-11-21 10:51:37.719265
1251,2019112001004100,SHIVM,34,45,100,416,41600.00,2019-11-21 10:51:37.719265
1252,2019112001004101,SHIVM,36,45,30,416,12480.00,2019-11-21 10:51:37.719265
1253,2019112001004102,SHIVM,21,45,30,416,12480.00,2019-11-21 10:51:37.719265
1254,2019112001004103,SHIVM,54,45,200,415,83000.00,2019-11-21 10:51:37.719265
1255,2019112001004104,SHIVM,7,45,40,415,16600.00,2019-11-21 10:51:37.719265
1256,2019112001004105,SHIVM,52,45,200,415,83000.00,2019-11-21 10:51:37.719265
1257,2019112001004106,SHIVM,58,45,500,415,207500.00,2019-11-21 10:51:37.719265
1258,2019112001004107,SHIVM,58,45,280,415,116200.00,2019-11-21 10:51:37.719265
1259,2019112001004108,SJCL,39,28,20,157,3140.00,2019-11-21 10:51:37.719265
1260,2019112001004109,PLIC,29,38,150,308,46200.00,2019-11-21 10:51:37.719265
1261,2019112001004032,ALBSL,22,17,50,398,19900.00,2019-11-21 10:51:37.719265
1262,2019112001004033,ALBSL,40,17,20,397,7940.00,2019-11-21 10:51:37.719265
1263,2019112001004034,ALBSL,40,17,30,397,11910.00,2019-11-21 10:51:37.719265
1264,2019112001004035,ALBSL,32,17,30,397,11910.00,2019-11-21 10:51:37.719265
1265,2019112001004036,ALBSL,14,17,200,397,79400.00,2019-11-21 10:51:37.719265
1266,2019112001004037,ALBSL,32,17,70,396,27720.00,2019-11-21 10:51:37.719265
1267,2019112001004038,HPPL,40,19,40,134,5360.00,2019-11-21 10:51:37.719265
1268,2019112001004039,ADBL,38,59,13,416,5408.00,2019-11-21 10:51:37.719265
1269,2019112001004040,NBL,38,28,190,317,60230.00,2019-11-21 10:51:37.719265
1270,2019112001004041,SABSL,6,5,50,547,27350.00,2019-11-21 10:51:37.719265
1271,2019112001004042,SABSL,26,39,10,546,5460.00,2019-11-21 10:51:37.719265
1272,2019112001004043,SABSL,26,7,130,546,70980.00,2019-11-21 10:51:37.719265
1273,2019112001004044,SABSL,51,7,40,546,21840.00,2019-11-21 10:51:37.719265
1274,2019112001004045,SABSL,36,7,30,546,16380.00,2019-11-21 10:51:37.719265
1275,2019112001004046,SJCL,39,45,20,157,3140.00,2019-11-21 10:51:37.719265
1276,2019112001004047,HPPL,45,19,240,133,31920.00,2019-11-21 10:51:37.719265
1277,2019112001004048,SJCL,39,28,20,157,3140.00,2019-11-21 10:51:37.719265
1278,2019112001004049,HBL,14,59,12,485,5820.00,2019-11-21 10:51:37.719265
1279,2019112001004050,MSMBS,55,17,60,465,27900.00,2019-11-21 10:51:37.719265
1280,2019112001004051,MSMBS,32,17,100,462,46200.00,2019-11-21 10:51:37.719265
1281,2019112001004052,MSMBS,39,17,50,462,23100.00,2019-11-21 10:51:37.719265
1282,2019112001004053,RHPL,39,17,60,165,9900.00,2019-11-21 10:51:37.719265
1283,2019112001004054,RHPL,39,40,10,165,1650.00,2019-11-21 10:51:37.719265
1284,2019112001004055,RHPL,39,42,40,165,6600.00,2019-11-21 10:51:37.719265
1285,2019112001004056,RHPL,39,49,40,165,6600.00,2019-11-21 10:51:37.719265
1286,2019112001004057,RHPL,39,34,10,165,1650.00,2019-11-21 10:51:37.719265
1287,2019112001004058,RHPL,58,56,30,164,4920.00,2019-11-21 10:51:37.719265
1288,2019112001004059,NBL,8,17,800,317,253600.00,2019-11-21 10:51:37.719265
1289,2019112001004060,SJCL,39,28,20,157,3140.00,2019-11-21 10:51:37.719265
1290,2019112001004061,MEGA,49,11,15,184,2760.00,2019-11-21 10:51:37.719265
1291,2019112001004062,UPPER,39,45,90,227,20430.00,2019-11-21 10:51:37.719265
1292,2019112001004063,NADEP,44,45,20,392,7840.00,2019-11-21 10:51:37.719265
1293,2019112001004064,AKPL,14,19,190,116,22040.00,2019-11-21 10:51:37.719265
1294,2019112001004065,AKPL,51,19,50,116,5800.00,2019-11-21 10:51:37.719265
1295,2019112001004066,AKPL,10,19,57,116,6612.00,2019-11-21 10:51:37.719265
1296,2019112001004067,SHIVM,42,32,10,418,4180.00,2019-11-21 10:51:37.719265
1297,2019112001004068,SABSL,36,39,10,546,5460.00,2019-11-21 10:51:37.719265
1298,2019112001004012,NTC,26,17,185,624,115440.00,2019-11-21 10:51:37.719265
1299,2019112001004013,NTC,26,32,15,624,9360.00,2019-11-21 10:51:37.719265
1300,2019112001004014,NTC,41,32,10,624,6240.00,2019-11-21 10:51:37.719265
1301,2019112001004015,SABSL,58,13,10,548,5480.00,2019-11-21 10:51:37.719265
1302,2019112001004016,SABSL,58,13,10,548,5480.00,2019-11-21 10:51:37.719265
1303,2019112001004017,OHL,38,45,100,412,41200.00,2019-11-21 10:51:37.719265
1304,2019112001004018,SIFC,43,50,500,148,74000.00,2019-11-21 10:51:37.719265
1305,2019112001004019,SIFC,28,50,500,148,74000.00,2019-11-21 10:51:37.719265
1306,2019112001004020,SABSL,40,5,40,547,21880.00,2019-11-21 10:51:37.719265
1307,2019112001004021,ALBSL,57,17,140,399,55860.00,2019-11-21 10:51:37.719265
1308,2019112001004022,NBL,8,39,60,317,19020.00,2019-11-21 10:51:37.719265
1309,2019112001004023,NBL,7,39,600,317,190200.00,2019-11-21 10:51:37.719265
1310,2019112001004024,NBL,5,39,240,317,76080.00,2019-11-21 10:51:37.719265
1311,2019112001004025,NTC,16,32,100,623,62300.00,2019-11-21 10:51:37.719265
1312,2019112001004026,GBBL,45,34,499,225,112275.00,2019-11-21 10:51:37.719265
1313,2019112001004027,SJCL,38,28,20,156,3120.00,2019-11-21 10:51:37.719265
1314,2019112001004028,GMFBS,58,1,10,500,5000.00,2019-11-21 10:51:37.719265
1315,2019112001004029,GMFBS,39,56,10,496,4960.00,2019-11-21 10:51:37.719265
1316,2019112001004030,NTC,29,32,50,623,31150.00,2019-11-21 10:51:37.719265
1317,2019112001004031,NBL,5,28,10,317,3170.00,2019-11-21 10:51:37.719265
1318,2019112001003994,NBL,8,38,150,317,47550.00,2019-11-21 10:51:37.719265
1319,2019112001003995,NLIC,29,22,90,789,71010.00,2019-11-21 10:51:37.719265
1320,2019112001003996,CBBL,19,42,80,968,77440.00,2019-11-21 10:51:37.719265
1321,2019112001003997,NLBBL,57,42,22,500,11000.00,2019-11-21 10:51:37.719265
1322,2019112001003998,GMFBS,39,17,50,496,24800.00,2019-11-21 10:51:37.719265
1323,2019112001003999,RHPC,28,48,600,70,42000.00,2019-11-21 10:51:37.719265
1324,2019112001004000,RHPC,4,48,232,70,16240.00,2019-11-21 10:51:37.719265
1325,2019112001004001,RHPC,11,48,300,70,21000.00,2019-11-21 10:51:37.719265
1326,2019112001004002,SIFC,34,50,490,150,73500.00,2019-11-21 10:51:37.719265
