S.N,Contract_No,Stock_Symbol,Buyer_Broker,Seller_Broker,Quantity,Rate,Amount,Date
1,2019112101005579,AKBSL,25,42,10,429,4290.00,2019-11-21 15:05:59.381544
2,2019112101005580,FMDBL,47,46,10,303,3030.00,2019-11-21 15:05:59.381544
3,2019112101005581,NLBBL,5,19,60,496,29760.00,2019-11-21 15:05:59.381544
4,2019112101005582,SJCL,41,37,60,154,9240.00,2019-11-21 15:05:59.381544
5,2019112101005583,MDB,49,17,30,239,7170.00,2019-11-21 15:05:59.381544
6,2019112101005584,MDB,38,17,500,238,119000.00,2019-11-21 15:05:59.381544
7,2019112101005585,MDB,53,17,470,238,111860.00,2019-11-21 15:05:59.381544
8,2019112101005586,KPCL,22,58,10,83,830.00,2019-11-21 15:05:59.381544
9,2019112101005587,RHPL,16,32,200,165,33000.00,2019-11-21 15:05:59.381544
10,2019112101005588,CCBL,6,18,500,160,80000.00,2019-11-21 15:05:59.381544
11,2019112101005589,HDL,49,50,30,1755,52650.00,2019-11-21 15:05:59.381544
12,2019112101005590,HDL,45,50,10,1755,17550.00,2019-11-21 15:05:59.381544
13,2019112101005591,HDL,45,50,20,1752,35040.00,2019-11-21 15:05:59.381544
14,2019112101005592,HDL,25,50,20,1752,35040.00,2019-11-21 15:05:59.381544
15,2019112101005593,HDL,34,50,30,1751,52530.00,2019-11-21 15:05:59.381544
16,2019112101005594,HDL,56,50,50,1750,87500.00,2019-11-21 15:05:59.381544
17,2019112101005595,HDL,16,50,10,1750,17500.00,2019-11-21 15:05:59.381544
18,2019112101005596,HDL,45,50,30,1750,52500.00,2019-11-21 15:05:59.381544
19,2019112101005597,NICA,56,17,50,404,20200.00,2019-11-21 15:05:59.381544
20,2019112101005598,SDESI,6,11,90,643,57870.00,2019-11-21 15:05:59.381544
21,2019112101005599,DDBL,49,4,2500,720,1800000.00,2019-11-21 15:05:59.381544
22,2019112101005600,PICL,41,38,50,386,19300.00,2019-11-21 15:05:59.381544
23,2019112101005601,DDBL,18,56,100,722,72200.00,2019-11-21 15:05:59.381544
24,2019112101005602,UPPER,44,11,87,224,19488.00,2019-11-21 15:05:59.381544
25,2019112101005603,UPPER,6,11,1000,224,224000.00,2019-11-21 15:05:59.381544
26,2019112101005604,UPPER,25,11,100,224,22400.00,2019-11-21 15:05:59.381544
27,2019112101005605,NLBBL,5,33,10,496,4960.00,2019-11-21 15:05:59.381544
28,2019112101005606,NLBBL,14,33,180,496,89280.00,2019-11-21 15:05:59.381544
29,2019112101005607,NCCB,8,34,10,200,2000.00,2019-11-21 15:05:59.381544
30,2019112101005608,RHPC,17,43,77,72,5544.00,2019-11-21 15:05:59.381544
31,2019112101005609,RHPC,28,43,223,72,16056.00,2019-11-21 15:05:59.381544
32,2019112101005610,NICL,50,22,200,247,49400.00,2019-11-21 15:05:59.381544
33,2019112101005611,CCBL,7,18,50,160,8000.00,2019-11-21 15:05:59.381544
34,2019112101005612,CCBL,7,25,100,160,16000.00,2019-11-21 15:05:59.381544
35,2019112101005613,SJCL,33,52,110,155,17050.00,2019-11-21 15:05:59.381544
36,2019112101005614,TRH,32,5,25,265,6625.00,2019-11-21 15:05:59.381544
37,2019112101005615,NMB,28,50,229,381,87249.00,2019-11-21 15:05:59.381544
38,2019112101005616,NMB,14,50,100,381,38100.00,2019-11-21 15:05:59.381544
39,2019112101005617,NMB,3,50,100,381,38100.00,2019-11-21 15:05:59.381544
40,2019112101005618,NMB,41,50,250,381,95250.00,2019-11-21 15:05:59.381544
41,2019112101005619,NMB,54,50,321,381,122301.00,2019-11-21 15:05:59.381544
42,2019112101005620,BPCL,49,47,30,347,10410.00,2019-11-21 15:05:59.381544
43,2019112101005621,NBL,33,13,200,314,62800.00,2019-11-21 15:05:59.381544
44,2019112101005622,NBL,33,17,1000,314,314000.00,2019-11-21 15:05:59.381544
45,2019112101005623,NBL,33,17,2120,314,665680.00,2019-11-21 15:05:59.381544
46,2019112101005624,SJCL,41,10,120,154,18480.00,2019-11-21 15:05:59.381544
47,2019112101005625,SJCL,47,10,100,154,15400.00,2019-11-21 15:05:59.381544
48,2019112101005626,SJCL,44,10,780,154,120120.00,2019-11-21 15:05:59.381544
49,2019112101005627,PLIC,45,51,50,303,15150.00,2019-11-21 15:05:59.381544
50,2019112101005628,PLIC,45,51,50,303,15150.00,2019-11-21 15:05:59.381544
51,2019112101005629,PLIC,34,51,450,303,136350.00,2019-11-21 15:05:59.381544
52,2019112101005630,EBL,41,42,60,548,32880.00,2019-11-21 15:05:59.381544
53,2019112101005631,LBL,45,42,818,216,176688.00,2019-11-21 15:05:59.381544
54,2019112101005632,LBL,45,36,182,216,39312.00,2019-11-21 15:05:59.381544
55,2019112101005633,NMB,36,50,25,382,9550.00,2019-11-21 15:05:59.381544
56,2019112101005634,NABIL,44,51,25,740,18500.00,2019-11-21 15:05:59.381544
57,2019112101005635,SHPC,6,17,420,186,78120.00,2019-11-21 15:05:59.381544
58,2019112101005636,NIBPO,36,47,20,391,7820.00,2019-11-21 15:05:59.381544
59,2019112101005637,NICA,13,17,444,404,179376.00,2019-11-21 15:05:59.381544
60,2019112101005638,NICA,13,36,50,404,20200.00,2019-11-21 15:05:59.381544
61,2019112101005639,SLICL,41,44,100,253,25300.00,2019-11-21 15:05:59.381544
62,2019112101005640,GLBSL,6,50,10,395,3950.00,2019-11-21 15:05:59.381544
63,2019112101005641,GLBSL,34,50,90,394,35460.00,2019-11-21 15:05:59.381544
64,2019112101005642,JBBL,43,51,500,159,79500.00,2019-11-21 15:05:59.381544
65,2019112101005643,NUBL,41,4,10,890,8900.00,2019-11-21 15:05:59.381544
66,2019112101005644,SDESI,6,35,10,643,6430.00,2019-11-21 15:05:59.381544
67,2019112101005645,SDESI,43,35,10,641,6410.00,2019-11-21 15:05:59.381544
68,2019112101005646,SDESI,36,38,23,645,14835.00,2019-11-21 15:05:59.381544
69,2019112101005647,SDESI,36,48,77,645,49665.00,2019-11-21 15:05:59.381544
70,2019112101005648,PICL,29,38,40,383,15320.00,2019-11-21 15:05:59.381544
71,2019112101005649,PICL,1,38,20,382,7640.00,2019-11-21 15:05:59.381544
72,2019112101005650,PICL,14,38,100,382,38200.00,2019-11-21 15:05:59.381544
73,2019112101005651,PICL,56,38,50,381,19050.00,2019-11-21 15:05:59.381544
74,2019112101005652,PICL,1,38,30,380,11400.00,2019-11-21 15:05:59.381544
75,2019112101005653,PICL,19,38,50,380,19000.00,2019-11-21 15:05:59.381544
76,2019112101005654,PICL,29,38,260,380,98800.00,2019-11-21 15:05:59.381544
77,2019112101005655,NBB,28,37,56,202,11312.00,2019-11-21 15:05:59.381544
78,2019112101005656,NBB,38,37,202,202,40804.00,2019-11-21 15:05:59.381544
79,2019112101005657,NBB,37,37,582,202,117564.00,2019-11-21 15:05:59.381544
80,2019112101005658,HIDCL,25,34,775,131,101525.00,2019-11-21 15:05:59.381544
81,2019112101005659,ADBL,22,55,100,412,41200.00,2019-11-21 15:05:59.381544
82,2019112101005660,NCCB,39,34,1000,200,200000.00,2019-11-21 15:05:59.381544
83,2019112101005661,NBL,43,38,10,315,3150.00,2019-11-21 15:05:59.381544
84,2019112101005662,KPCL,22,58,10,83,830.00,2019-11-21 15:05:59.381544
85,2019112101005663,NBL,10,17,1500,314,471000.00,2019-11-21 15:05:59.381544
86,2019112101005664,UPPER,22,11,20,223,4460.00,2019-11-21 15:05:59.381544
87,2019112101005665,UPPER,52,11,93,223,20739.00,2019-11-21 15:05:59.381544
88,2019112101005666,NLIC,16,44,77,785,60445.00,2019-11-21 15:05:59.381544
89,2019112101005667,NLIC,38,44,13,785,10205.00,2019-11-21 15:05:59.381544
90,2019112101005668,DDBL,49,4,100,720,72000.00,2019-11-21 15:05:59.381544
91,2019112101005669,SJCL,10,35,10,156,1560.00,2019-11-21 15:05:59.381544
92,2019112101005670,NBL,10,17,500,314,157000.00,2019-11-21 15:05:59.381544
93,2019112101005671,RHPL,19,34,90,166,14940.00,2019-11-21 15:05:59.381544
94,2019112101005672,RHPL,19,41,10,166,1660.00,2019-11-21 15:05:59.381544
95,2019112101005533,SDESI,38,11,300,642,192600.00,2019-11-21 15:05:59.381544
96,2019112101005534,ALBSL,42,42,20,393,7860.00,2019-11-21 15:05:59.381544
97,2019112101005535,ALBSL,57,42,20,392,7840.00,2019-11-21 15:05:59.381544
98,2019112101005536,ALBSL,40,42,50,391,19550.00,2019-11-21 15:05:59.381544
99,2019112101005537,ALBSL,58,42,10,391,3910.00,2019-11-21 15:05:59.381544
100,2019112101005538,EIC,42,41,15,214,3210.00,2019-11-21 15:05:59.381544
101,2019112101005539,RHPL,17,17,40,165,6600.00,2019-11-21 15:05:59.381544
102,2019112101005540,GGBSL,7,13,10,633,6330.00,2019-11-21 15:05:59.381544
103,2019112101005541,RHPL,26,57,40,164,6560.00,2019-11-21 15:05:59.381544
104,2019112101005542,MNBBL,57,36,100,313,31300.00,2019-11-21 15:05:59.381544
105,2019112101005543,MNBBL,21,36,200,313,62600.00,2019-11-21 15:05:59.381544
106,2019112101005544,NABIL,51,32,50,739,36950.00,2019-11-21 15:05:59.381544
107,2019112101005545,UPPER,52,44,20,225,4500.00,2019-11-21 15:05:59.381544
108,2019112101005546,SDESI,38,35,168,642,107856.00,2019-11-21 15:05:59.381544
109,2019112101005547,SAPDBL,10,39,244,121,29524.00,2019-11-21 15:05:59.381544
110,2019112101005548,NBL,28,56,300,314,94200.00,2019-11-21 15:05:59.381544
111,2019112101005549,NBL,28,13,200,314,62800.00,2019-11-21 15:05:59.381544
112,2019112101005550,HIDCL,53,11,31,131,4061.00,2019-11-21 15:05:59.381544
113,2019112101005551,HIDCL,53,6,52,131,6812.00,2019-11-21 15:05:59.381544
114,2019112101005552,HIDCL,53,34,717,131,93927.00,2019-11-21 15:05:59.381544
115,2019112101005553,ALBSL,50,17,10,395,3950.00,2019-11-21 15:05:59.381544
116,2019112101005554,ALBSL,50,50,10,395,3950.00,2019-11-21 15:05:59.381544
117,2019112101005555,NICA,32,51,94,404,37976.00,2019-11-21 15:05:59.381544
118,2019112101005556,NICA,32,17,406,404,164024.00,2019-11-21 15:05:59.381544
119,2019112101005557,SCB,14,13,30,550,16500.00,2019-11-21 15:05:59.381544
120,2019112101005558,RHPL,16,37,90,165,14850.00,2019-11-21 15:05:59.381544
121,2019112101005559,NMB,28,45,90,381,34290.00,2019-11-21 15:05:59.381544
122,2019112101005560,GGBSL,7,25,10,633,6330.00,2019-11-21 15:05:59.381544
123,2019112101005561,CZBIL,5,44,100,183,18300.00,2019-11-21 15:05:59.381544
124,2019112101005562,EBL,44,51,175,548,95900.00,2019-11-21 15:05:59.381544
125,2019112101005563,EBL,16,51,180,548,98640.00,2019-11-21 15:05:59.381544
126,2019112101005564,EBL,13,51,298,548,163304.00,2019-11-21 15:05:59.381544
127,2019112101005565,EBL,53,32,10,548,5480.00,2019-11-21 15:05:59.381544
128,2019112101005566,EBL,41,32,40,548,21920.00,2019-11-21 15:05:59.381544
129,2019112101005567,MEGA,38,42,50,182,9100.00,2019-11-21 15:05:59.381544
130,2019112101005568,NMB,28,45,100,381,38100.00,2019-11-21 15:05:59.381544
131,2019112101005569,UPPER,44,40,50,224,11200.00,2019-11-21 15:05:59.381544
132,2019112101005570,NMB,49,50,200,382,76400.00,2019-11-21 15:05:59.381544
133,2019112101005571,NMB,13,50,50,382,19100.00,2019-11-21 15:05:59.381544
134,2019112101005572,NICA,13,17,100,404,40400.00,2019-11-21 15:05:59.381544
135,2019112101005573,CIT,1,47,20,1740,34800.00,2019-11-21 15:05:59.381544
136,2019112101005574,UPPER,44,44,3500,224,784000.00,2019-11-21 15:05:59.381544
137,2019112101005575,SDESI,38,3,32,642,20544.00,2019-11-21 15:05:59.381544
138,2019112101005576,SDESI,43,3,69,641,44229.00,2019-11-21 15:05:59.381544
139,2019112101005577,PCBL,53,40,568,276,156768.00,2019-11-21 15:05:59.381544
140,2019112101005578,NMBMF,41,43,71,481,34151.00,2019-11-21 15:05:59.381544
141,2019112101005463,NCCB,39,29,26,199,5174.00,2019-11-21 15:05:59.381544
142,2019112101005464,NCCB,39,41,550,199,109450.00,2019-11-21 15:05:59.381544
143,2019112101005465,NMB,45,50,100,382,38200.00,2019-11-21 15:05:59.381544
144,2019112101005466,NMBMF,41,43,150,481,72150.00,2019-11-21 15:05:59.381544
145,2019112101005467,GMFBS,22,10,10,487,4870.00,2019-11-21 15:05:59.381544
146,2019112101005468,GMFBS,22,56,28,488,13664.00,2019-11-21 15:05:59.381544
147,2019112101005469,GMFBS,22,34,34,489,16626.00,2019-11-21 15:05:59.381544
148,2019112101005470,GMFBS,22,6,10,490,4900.00,2019-11-21 15:05:59.381544
149,2019112101005471,MLBBL,32,48,10,433,4330.00,2019-11-21 15:05:59.381544
150,2019112101005472,PCBL,53,14,225,276,62100.00,2019-11-21 15:05:59.381544
151,2019112101005473,PCBL,53,13,478,276,131928.00,2019-11-21 15:05:59.381544
152,2019112101005474,PCBL,53,25,56,276,15456.00,2019-11-21 15:05:59.381544
153,2019112101005475,PCBL,53,37,42,276,11592.00,2019-11-21 15:05:59.381544
154,2019112101005476,PCBL,53,50,333,276,91908.00,2019-11-21 15:05:59.381544
155,2019112101005477,NBL,17,17,187,314,58718.00,2019-11-21 15:05:59.381544
156,2019112101005478,NBL,5,17,500,314,157000.00,2019-11-21 15:05:59.381544
157,2019112101005479,NBL,10,17,813,314,255282.00,2019-11-21 15:05:59.381544
158,2019112101005480,CBL,42,58,160,137,21920.00,2019-11-21 15:05:59.381544
159,2019112101005481,CBL,42,58,58,137,7946.00,2019-11-21 15:05:59.381544
160,2019112101005482,SCB,17,28,30,551,16530.00,2019-11-21 15:05:59.381544
161,2019112101005483,SCB,14,28,270,550,148500.00,2019-11-21 15:05:59.381544
162,2019112101005484,CHCL,16,45,100,353,35300.00,2019-11-21 15:05:59.381544
163,2019112101005485,UPPER,32,44,500,225,112500.00,2019-11-21 15:05:59.381544
164,2019112101005486,EBL,40,51,75,548,41100.00,2019-11-21 15:05:59.381544
165,2019112101005487,EBL,7,51,100,548,54800.00,2019-11-21 15:05:59.381544
166,2019112101005488,EBL,44,51,125,548,68500.00,2019-11-21 15:05:59.381544
167,2019112101005489,LBBL,19,32,200,169,33800.00,2019-11-21 15:05:59.381544
168,2019112101005490,GBBL,35,5,90,225,20250.00,2019-11-21 15:05:59.381544
169,2019112101005491,GBBL,35,49,160,225,36000.00,2019-11-21 15:05:59.381544
170,2019112101005492,RLFL,26,22,20,108,2160.00,2019-11-21 15:05:59.381544
171,2019112101005493,GBLBS,42,5,500,293,146500.00,2019-11-21 15:05:59.381544
172,2019112101005494,CFCL,41,28,100,109,10900.00,2019-11-21 15:05:59.381544
173,2019112101005495,KBL,39,16,1225,177,216825.00,2019-11-21 15:05:59.381544
174,2019112101005496,NMB,45,50,50,382,19100.00,2019-11-21 15:05:59.381544
175,2019112101005497,ILBS,58,51,10,470,4700.00,2019-11-21 15:05:59.381544
176,2019112101005498,GILB,7,57,10,722,7220.00,2019-11-21 15:05:59.381544
177,2019112101005499,GILB,25,57,20,721,14420.00,2019-11-21 15:05:59.381544
178,2019112101005500,NABIL,44,17,50,740,37000.00,2019-11-21 15:05:59.381544
179,2019112101005501,NABIL,26,17,100,740,74000.00,2019-11-21 15:05:59.381544
180,2019112101005502,SDESI,43,37,180,641,115380.00,2019-11-21 15:05:59.381544
181,2019112101005503,SHIVM,7,45,20,410,8200.00,2019-11-21 15:05:59.381544
182,2019112101005504,SHIVM,7,57,80,410,32800.00,2019-11-21 15:05:59.381544
183,2019112101005505,RHPL,17,17,40,165,6600.00,2019-11-21 15:05:59.381544
184,2019112101005506,NBL,10,13,187,314,58718.00,2019-11-21 15:05:59.381544
185,2019112101005507,ADBL,57,55,200,412,82400.00,2019-11-21 15:05:59.381544
186,2019112101005508,RLFL,26,22,30,108,3240.00,2019-11-21 15:05:59.381544
187,2019112101005509,NIB,53,42,358,421,150718.00,2019-11-21 15:05:59.381544
188,2019112101005510,NIB,53,38,10,421,4210.00,2019-11-21 15:05:59.381544
189,2019112101005511,CHCL,16,22,100,353,35300.00,2019-11-21 15:05:59.381544
190,2019112101005512,SRBL,34,28,109,209,22781.00,2019-11-21 15:05:59.381544
191,2019112101005513,SRBL,38,28,500,209,104500.00,2019-11-21 15:05:59.381544
192,2019112101005514,SRBL,38,28,500,209,104500.00,2019-11-21 15:05:59.381544
193,2019112101005515,SRBL,49,28,100,209,20900.00,2019-11-21 15:05:59.381544
194,2019112101005516,SRBL,34,28,100,209,20900.00,2019-11-21 15:05:59.381544
195,2019112101005517,NBL,34,13,13,314,4082.00,2019-11-21 15:05:59.381544
196,2019112101005518,SLICL,19,44,200,253,50600.00,2019-11-21 15:05:59.381544
197,2019112101005519,SJCL,26,57,20,155,3100.00,2019-11-21 15:05:59.381544
198,2019112101005520,UPPER,51,44,50,225,11250.00,2019-11-21 15:05:59.381544
199,2019112101005521,CBBL,44,4,175,966,169050.00,2019-11-21 15:05:59.381544
200,2019112101005522,NMB,45,50,100,382,38200.00,2019-11-21 15:05:59.381544
201,2019112101005523,AKJCL,56,37,20,58,1160.00,2019-11-21 15:05:59.381544
202,2019112101005524,PLIC,25,49,100,304,30400.00,2019-11-21 15:05:59.381544
203,2019112101005525,NIB,46,19,20,423,8460.00,2019-11-21 15:05:59.381544
204,2019112101005526,NEF,42,17,2017,7.65,15430.05,2019-11-21 15:05:59.381544
205,2019112101005527,RHPL,26,57,40,164,6560.00,2019-11-21 15:05:59.381544
206,2019112101005528,SJCL,26,52,50,155,7750.00,2019-11-21 15:05:59.381544
207,2019112101005529,SJCL,26,52,300,155,46500.00,2019-11-21 15:05:59.381544
208,2019112101005530,SJCL,37,52,500,155,77500.00,2019-11-21 15:05:59.381544
209,2019112101005531,SJCL,51,52,60,155,9300.00,2019-11-21 15:05:59.381544
210,2019112101005532,UPPER,22,44,300,225,67500.00,2019-11-21 15:05:59.381544
211,2019112101005421,SDESI,57,37,50,643,32150.00,2019-11-21 15:05:59.381544
212,2019112101005422,PCBL,35,14,200,276,55200.00,2019-11-21 15:05:59.381544
213,2019112101005423,SLBBL,26,58,50,607,30350.00,2019-11-21 15:05:59.381544
214,2019112101005424,GLICL,45,39,38,350,13300.00,2019-11-21 15:05:59.381544
215,2019112101005425,GLICL,45,45,92,350,32200.00,2019-11-21 15:05:59.381544
216,2019112101005426,UPPER,52,44,20,225,4500.00,2019-11-21 15:05:59.381544
217,2019112101005427,NABIL,6,17,100,740,74000.00,2019-11-21 15:05:59.381544
218,2019112101005428,NABIL,43,17,100,740,74000.00,2019-11-21 15:05:59.381544
219,2019112101005429,SHIVM,58,45,50,410,20500.00,2019-11-21 15:05:59.381544
220,2019112101005430,PFL,57,58,519,135,70065.00,2019-11-21 15:05:59.381544
221,2019112101005431,CBL,13,58,50,137,6850.00,2019-11-21 15:05:59.381544
222,2019112101005432,KBL,39,44,97,177,17169.00,2019-11-21 15:05:59.381544
223,2019112101005433,SBI,49,51,544,383,208352.00,2019-11-21 15:05:59.381544
224,2019112101005434,CZBIL,45,58,1419,182,258258.00,2019-11-21 15:05:59.381544
225,2019112101005435,CZBIL,37,58,50,182,9100.00,2019-11-21 15:05:59.381544
226,2019112101005436,CZBIL,59,58,50,182,9100.00,2019-11-21 15:05:59.381544
227,2019112101005437,CZBIL,1,58,350,182,63700.00,2019-11-21 15:05:59.381544
228,2019112101005438,CZBIL,8,58,41,182,7462.00,2019-11-21 15:05:59.381544
229,2019112101005439,GLICL,19,45,22,348,7656.00,2019-11-21 15:05:59.381544
230,2019112101005440,SHPC,6,1,80,185,14800.00,2019-11-21 15:05:59.381544
231,2019112101005441,RHPL,16,32,500,165,82500.00,2019-11-21 15:05:59.381544
232,2019112101005442,MBL,34,57,100,219,21900.00,2019-11-21 15:05:59.381544
233,2019112101005443,MBL,14,57,387,218,84366.00,2019-11-21 15:05:59.381544
234,2019112101005444,MBL,51,57,13,218,2834.00,2019-11-21 15:05:59.381544
235,2019112101005445,NMB,18,50,200,382,76400.00,2019-11-21 15:05:59.381544
236,2019112101005446,NMB,40,50,100,382,38200.00,2019-11-21 15:05:59.381544
237,2019112101005447,SDESI,43,21,100,641,64100.00,2019-11-21 15:05:59.381544
238,2019112101005448,SPDL,56,49,32,83,2656.00,2019-11-21 15:05:59.381544
239,2019112101005449,CIT,16,47,10,1740,17400.00,2019-11-21 15:05:59.381544
240,2019112101005450,ICFC,57,45,90,160,14400.00,2019-11-21 15:05:59.381544
241,2019112101005451,KPCL,19,59,200,84,16800.00,2019-11-21 15:05:59.381544
242,2019112101005452,BPCL,1,32,1,345,345.00,2019-11-21 15:05:59.381544
243,2019112101005453,SANIMA,21,33,300,303,90900.00,2019-11-21 15:05:59.381544
244,2019112101005454,SPDL,56,39,20,84,1680.00,2019-11-21 15:05:59.381544
245,2019112101005455,MERO,42,50,100,415,41500.00,2019-11-21 15:05:59.381544
246,2019112101005456,GBBL,29,5,200,225,45000.00,2019-11-21 15:05:59.381544
247,2019112101005457,JBBL,41,51,50,159,7950.00,2019-11-21 15:05:59.381544
248,2019112101005458,MLBL,4,34,277,175,48475.00,2019-11-21 15:05:59.381544
249,2019112101005459,MLBL,4,34,223,175,39025.00,2019-11-21 15:05:59.381544
250,2019112101005460,NLIC,7,50,47,787,36989.00,2019-11-21 15:05:59.381544
251,2019112101005461,NLIC,34,50,50,786,39300.00,2019-11-21 15:05:59.381544
252,2019112101005462,NLIC,16,50,101,785,79285.00,2019-11-21 15:05:59.381544
253,2019112101005360,SCB,38,42,40,552,22080.00,2019-11-21 15:05:59.381544
254,2019112101005361,BFC,42,47,50,87,4350.00,2019-11-21 15:05:59.381544
255,2019112101005362,BFC,26,47,41,87,3567.00,2019-11-21 15:05:59.381544
256,2019112101005363,NBL,33,17,250,314,78500.00,2019-11-21 15:05:59.381544
257,2019112101005364,NBL,45,17,500,314,157000.00,2019-11-21 15:05:59.381544
258,2019112101005365,NBL,49,17,300,314,94200.00,2019-11-21 15:05:59.381544
259,2019112101005366,NBL,41,17,20,314,6280.00,2019-11-21 15:05:59.381544
260,2019112101005367,NBL,32,17,120,314,37680.00,2019-11-21 15:05:59.381544
261,2019112101005368,NBL,10,17,200,314,62800.00,2019-11-21 15:05:59.381544
262,2019112101005369,NBL,55,17,110,314,34540.00,2019-11-21 15:05:59.381544
263,2019112101005370,DDBL,49,33,25,720,18000.00,2019-11-21 15:05:59.381544
264,2019112101005371,DDBL,49,33,125,720,90000.00,2019-11-21 15:05:59.381544
265,2019112101005372,EIC,49,32,200,216,43200.00,2019-11-21 15:05:59.381544
266,2019112101005373,PIC,44,5,40,345,13800.00,2019-11-21 15:05:59.381544
267,2019112101005374,PIC,57,5,100,345,34500.00,2019-11-21 15:05:59.381544
268,2019112101005375,PIC,35,5,20,345,6900.00,2019-11-21 15:05:59.381544
269,2019112101005376,PIC,40,5,200,344,68800.00,2019-11-21 15:05:59.381544
270,2019112101005377,PIC,53,5,15,344,5160.00,2019-11-21 15:05:59.381544
271,2019112101005378,PIC,22,5,30,343,10290.00,2019-11-21 15:05:59.381544
272,2019112101005379,PIC,37,5,100,343,34300.00,2019-11-21 15:05:59.381544
273,2019112101005380,PIC,47,5,95,343,32585.00,2019-11-21 15:05:59.381544
274,2019112101005381,JBBL,34,32,500,158,79000.00,2019-11-21 15:05:59.381544
275,2019112101005382,SJCL,26,57,20,155,3100.00,2019-11-21 15:05:59.381544
276,2019112101005383,NBL,55,17,1500,314,471000.00,2019-11-21 15:05:59.381544
277,2019112101005384,CCBL,14,18,50,160,8000.00,2019-11-21 15:05:59.381544
278,2019112101005385,GMFBS,17,45,10,485,4850.00,2019-11-21 15:05:59.381544
279,2019112101005386,NBL,55,17,1390,314,436460.00,2019-11-21 15:05:59.381544
280,2019112101005387,NBL,58,17,100,314,31400.00,2019-11-21 15:05:59.381544
281,2019112101005388,NBL,42,17,10,314,3140.00,2019-11-21 15:05:59.381544
282,2019112101005389,PRVU,4,10,150,226,33900.00,2019-11-21 15:05:59.381544
283,2019112101005390,UPPER,58,44,100,225,22500.00,2019-11-21 15:05:59.381544
284,2019112101005391,NBL,42,17,10,314,3140.00,2019-11-21 15:05:59.381544
285,2019112101005392,NBL,38,17,30,314,9420.00,2019-11-21 15:05:59.381544
286,2019112101005393,NBL,36,17,10,314,3140.00,2019-11-21 15:05:59.381544
287,2019112101005394,NBL,35,17,400,314,125600.00,2019-11-21 15:05:59.381544
288,2019112101005395,NBL,26,17,300,314,94200.00,2019-11-21 15:05:59.381544
289,2019112101005396,NBL,25,17,150,314,47100.00,2019-11-21 15:05:59.381544
290,2019112101005397,NBL,21,17,500,314,157000.00,2019-11-21 15:05:59.381544
291,2019112101005398,NBL,44,17,100,314,31400.00,2019-11-21 15:05:59.381544
292,2019112101005399,NICA,33,16,185,403,74555.00,2019-11-21 15:05:59.381544
293,2019112101005400,SLBBL,22,41,10,595,5950.00,2019-11-21 15:05:59.381544
294,2019112101005401,GBLBS,38,32,110,291,32010.00,2019-11-21 15:05:59.381544
295,2019112101005402,SLBBL,26,51,10,601,6010.00,2019-11-21 15:05:59.381544
296,2019112101005403,SDESI,45,37,150,642,96300.00,2019-11-21 15:05:59.381544
297,2019112101005404,PCBL,6,51,50,275,13750.00,2019-11-21 15:05:59.381544
298,2019112101005405,CBL,43,21,1029,136,139944.00,2019-11-21 15:05:59.381544
299,2019112101005406,CBL,58,21,513,136,69768.00,2019-11-21 15:05:59.381544
300,2019112101005407,NBL,44,7,13,314,4082.00,2019-11-21 15:05:59.381544
301,2019112101005408,PCBL,39,56,1465,276,404340.00,2019-11-21 15:05:59.381544
302,2019112101005409,PCBL,39,14,35,276,9660.00,2019-11-21 15:05:59.381544
303,2019112101005410,PRVU,58,5,100,227,22700.00,2019-11-21 15:05:59.381544
304,2019112101005411,NBL,44,17,187,314,58718.00,2019-11-21 15:05:59.381544
305,2019112101005412,NBL,25,17,500,314,157000.00,2019-11-21 15:05:59.381544
306,2019112101005413,NBL,17,17,813,314,255282.00,2019-11-21 15:05:59.381544
307,2019112101005414,NTC,25,35,10,624,6240.00,2019-11-21 15:05:59.381544
308,2019112101005415,IGI,45,26,35,290,10150.00,2019-11-21 15:05:59.381544
309,2019112101005416,IGI,45,45,100,290,29000.00,2019-11-21 15:05:59.381544
310,2019112101005417,JBBL,6,51,400,159,63600.00,2019-11-21 15:05:59.381544
311,2019112101005418,NBB,28,57,1000,202,202000.00,2019-11-21 15:05:59.381544
312,2019112101005419,BFC,26,17,409,87,35583.00,2019-11-21 15:05:59.381544
313,2019112101005420,BFC,14,17,91,87,7917.00,2019-11-21 15:05:59.381544
314,2019112101005323,CZBIL,56,44,30,183,5490.00,2019-11-21 15:05:59.381544
315,2019112101005324,NMB,34,50,30,382,11460.00,2019-11-21 15:05:59.381544
316,2019112101005325,SDESI,36,6,126,643,81018.00,2019-11-21 15:05:59.381544
317,2019112101005326,SDESI,36,22,120,644,77280.00,2019-11-21 15:05:59.381544
318,2019112101005327,SDESI,36,46,100,645,64500.00,2019-11-21 15:05:59.381544
319,2019112101005328,SDESI,36,44,50,645,32250.00,2019-11-21 15:05:59.381544
320,2019112101005329,EBL,40,1,200,548,109600.00,2019-11-21 15:05:59.381544
321,2019112101005330,BPCL,43,26,50,345,17250.00,2019-11-21 15:05:59.381544
322,2019112101005331,ALICL,49,7,70,315,22050.00,2019-11-21 15:05:59.381544
323,2019112101005332,ALICL,49,45,1000,315,315000.00,2019-11-21 15:05:59.381544
324,2019112101005333,ALICL,49,14,105,315,33075.00,2019-11-21 15:05:59.381544
325,2019112101005334,ALICL,49,21,20,315,6300.00,2019-11-21 15:05:59.381544
326,2019112101005335,PRVU,14,5,100,227,22700.00,2019-11-21 15:05:59.381544
327,2019112101005336,SDESI,8,34,10,642,6420.00,2019-11-21 15:05:59.381544
328,2019112101005337,PRVU,4,29,25,226,5650.00,2019-11-21 15:05:59.381544
329,2019112101005338,NMB,19,50,200,382,76400.00,2019-11-21 15:05:59.381544
330,2019112101005339,GBBL,57,50,164,224,36736.00,2019-11-21 15:05:59.381544
331,2019112101005340,NCCB,58,34,10,200,2000.00,2019-11-21 15:05:59.381544
332,2019112101005341,SKBBL,45,55,20,917,18340.00,2019-11-21 15:05:59.381544
333,2019112101005342,SKBBL,49,55,16,916,14656.00,2019-11-21 15:05:59.381544
334,2019112101005343,RHPC,5,43,100,73,7300.00,2019-11-21 15:05:59.381544
335,2019112101005344,GMFBS,17,10,10,481,4810.00,2019-11-21 15:05:59.381544
336,2019112101005345,BPCL,49,57,70,347,24290.00,2019-11-21 15:05:59.381544
337,2019112101005346,RLFL,26,22,10,108,1080.00,2019-11-21 15:05:59.381544
338,2019112101005347,NSEWA,55,46,100,386,38600.00,2019-11-21 15:05:59.381544
339,2019112101005348,DDBL,38,4,10,720,7200.00,2019-11-21 15:05:59.381544
340,2019112101005349,DDBL,53,4,15,720,10800.00,2019-11-21 15:05:59.381544
341,2019112101005350,DDBL,49,4,1975,720,1422000.00,2019-11-21 15:05:59.381544
342,2019112101005351,NLIC,7,17,31,787,24397.00,2019-11-21 15:05:59.381544
343,2019112101005352,NMB,57,50,100,382,38200.00,2019-11-21 15:05:59.381544
344,2019112101005353,NMB,49,50,70,382,26740.00,2019-11-21 15:05:59.381544
345,2019112101005354,NMB,49,50,30,382,11460.00,2019-11-21 15:05:59.381544
346,2019112101005355,BFC,1,47,10,89,890.00,2019-11-21 15:05:59.381544
347,2019112101005356,RLFL,26,22,20,108,2160.00,2019-11-21 15:05:59.381544
348,2019112101005357,NBB,28,10,250,202,50500.00,2019-11-21 15:05:59.381544
349,2019112101005358,BFC,42,47,22,88,1936.00,2019-11-21 15:05:59.381544
350,2019112101005359,BFC,1,47,50,88,4400.00,2019-11-21 15:05:59.381544
351,2019112101005289,NBL,53,5,519,315,163485.00,2019-11-21 15:05:59.381544
352,2019112101005290,NBL,53,5,481,315,151515.00,2019-11-21 15:05:59.381544
353,2019112101005291,UPPER,25,44,30,227,6810.00,2019-11-21 15:05:59.381544
354,2019112101005292,NMB,25,50,140,382,53480.00,2019-11-21 15:05:59.381544
355,2019112101005293,LBBL,44,32,50,169,8450.00,2019-11-21 15:05:59.381544
356,2019112101005294,LBBL,44,32,50,169,8450.00,2019-11-21 15:05:59.381544
357,2019112101005295,LBBL,44,32,50,169,8450.00,2019-11-21 15:05:59.381544
358,2019112101005296,RHPC,13,40,300,73,21900.00,2019-11-21 15:05:59.381544
359,2019112101005297,KBL,8,28,897,177,158769.00,2019-11-21 15:05:59.381544
360,2019112101005298,KBL,8,44,903,177,159831.00,2019-11-21 15:05:59.381544
361,2019112101005299,NBB,28,49,194,202,39188.00,2019-11-21 15:05:59.381544
362,2019112101005300,NBL,5,5,444,315,139860.00,2019-11-21 15:05:59.381544
363,2019112101005301,NBL,5,38,56,315,17640.00,2019-11-21 15:05:59.381544
364,2019112101005302,KPCL,19,29,10,83,830.00,2019-11-21 15:05:59.381544
365,2019112101005303,JFL,57,58,80,192,15360.00,2019-11-21 15:05:59.381544
366,2019112101005304,GBBL,41,49,64,224,14336.00,2019-11-21 15:05:59.381544
367,2019112101005305,GBBL,41,50,136,224,30464.00,2019-11-21 15:05:59.381544
368,2019112101005306,SLBBL,22,6,22,595,13090.00,2019-11-21 15:05:59.381544
369,2019112101005307,NABIL,56,17,100,740,74000.00,2019-11-21 15:05:59.381544
370,2019112101005308,NABIL,16,17,100,740,74000.00,2019-11-21 15:05:59.381544
371,2019112101005309,GBLBS,47,32,100,291,29100.00,2019-11-21 15:05:59.381544
372,2019112101005310,NICA,46,16,15,404,6060.00,2019-11-21 15:05:59.381544
373,2019112101005311,AKBSL,18,18,10,425,4250.00,2019-11-21 15:05:59.381544
374,2019112101005312,RHPC,13,40,500,73,36500.00,2019-11-21 15:05:59.381544
375,2019112101005313,KSBBL,1,21,244,134,32696.00,2019-11-21 15:05:59.381544
376,2019112101005314,KSBBL,38,21,100,134,13400.00,2019-11-21 15:05:59.381544
377,2019112101005315,KSBBL,39,21,500,134,67000.00,2019-11-21 15:05:59.381544
378,2019112101005316,KSBBL,13,21,1000,134,134000.00,2019-11-21 15:05:59.381544
379,2019112101005317,EBL,40,1,135,548,73980.00,2019-11-21 15:05:59.381544
380,2019112101005318,HIDCL,45,58,100,130,13000.00,2019-11-21 15:05:59.381544
381,2019112101005319,HIDCL,6,58,200,130,26000.00,2019-11-21 15:05:59.381544
382,2019112101005320,NMB,49,50,80,382,30560.00,2019-11-21 15:05:59.381544
383,2019112101005321,HURJA,22,19,10,101,1010.00,2019-11-21 15:05:59.381544
384,2019112101005322,SDESI,45,6,50,643,32150.00,2019-11-21 15:05:59.381544
385,2019112101005270,GMFBS,18,18,10,473,4730.00,2019-11-21 15:05:59.381544
386,2019112101005271,GBLBS,1,40,15,289,4335.00,2019-11-21 15:05:59.381544
387,2019112101005272,SRBL,34,57,400,209,83600.00,2019-11-21 15:05:59.381544
388,2019112101005273,GMFBS,18,18,10,473,4730.00,2019-11-21 15:05:59.381544
389,2019112101005274,PICL,6,58,17,393,6681.00,2019-11-21 15:05:59.381544
390,2019112101005275,NBL,44,18,1000,315,315000.00,2019-11-21 15:05:59.381544
391,2019112101005276,NIB,56,19,250,420,105000.00,2019-11-21 15:05:59.381544
392,2019112101005277,GGBSL,7,57,10,633,6330.00,2019-11-21 15:05:59.381544
393,2019112101005278,NIL,53,26,468,376,175968.00,2019-11-21 15:05:59.381544
394,2019112101005279,UPPER,44,40,40,224,8960.00,2019-11-21 15:05:59.381544
395,2019112101005280,NMB,51,50,50,382,19100.00,2019-11-21 15:05:59.381544
396,2019112101005281,NBL,44,18,519,315,163485.00,2019-11-21 15:05:59.381544
397,2019112101005282,NBL,44,22,1000,315,315000.00,2019-11-21 15:05:59.381544
398,2019112101005283,NBL,44,5,481,315,151515.00,2019-11-21 15:05:59.381544
399,2019112101005284,SHL,55,10,100,209,20900.00,2019-11-21 15:05:59.381544
400,2019112101005285,NTC,6,29,25,621,15525.00,2019-11-21 15:05:59.381544
401,2019112101005286,SLBBL,22,52,71,595,42245.00,2019-11-21 15:05:59.381544
402,2019112101005287,NBL,33,13,400,314,125600.00,2019-11-21 15:05:59.381544
403,2019112101005288,SMB,51,40,10,422,4220.00,2019-11-21 15:05:59.381544
404,2019112101005237,SCB,38,49,60,551,33060.00,2019-11-21 15:05:59.381544
405,2019112101005238,SCB,38,42,160,552,88320.00,2019-11-21 15:05:59.381544
406,2019112101005239,PRVU,4,57,400,226,90400.00,2019-11-21 15:05:59.381544
407,2019112101005240,CBL,43,3,200,136,27200.00,2019-11-21 15:05:59.381544
408,2019112101005241,CHCL,25,11,10,357,3570.00,2019-11-21 15:05:59.381544
409,2019112101005242,EBL,57,17,128,548,70144.00,2019-11-21 15:05:59.381544
410,2019112101005243,EBL,40,17,90,548,49320.00,2019-11-21 15:05:59.381544
411,2019112101005244,SBL,40,3,200,283,56600.00,2019-11-21 15:05:59.381544
412,2019112101005245,UIC,35,22,50,235,11750.00,2019-11-21 15:05:59.381544
413,2019112101005246,GBLBS,18,5,150,290,43500.00,2019-11-21 15:05:59.381544
414,2019112101005247,GMFBS,18,18,10,473,4730.00,2019-11-21 15:05:59.381544
415,2019112101005248,KPCL,10,26,40,84,3360.00,2019-11-21 15:05:59.381544
416,2019112101005249,NMB,34,50,100,382,38200.00,2019-11-21 15:05:59.381544
417,2019112101005250,NMB,45,50,100,382,38200.00,2019-11-21 15:05:59.381544
418,2019112101005251,NMB,43,50,130,382,49660.00,2019-11-21 15:05:59.381544
419,2019112101005252,GGBSL,7,58,10,633,6330.00,2019-11-21 15:05:59.381544
420,2019112101005253,GMFBS,37,10,10,481,4810.00,2019-11-21 15:05:59.381544
421,2019112101005254,NICA,11,35,121,403,48763.00,2019-11-21 15:05:59.381544
422,2019112101005255,NICA,21,35,200,403,80600.00,2019-11-21 15:05:59.381544
423,2019112101005256,NICA,49,35,100,403,40300.00,2019-11-21 15:05:59.381544
424,2019112101005257,NICA,45,35,50,403,20150.00,2019-11-21 15:05:59.381544
425,2019112101005258,NICA,33,35,1164,403,469092.00,2019-11-21 15:05:59.381544
426,2019112101005259,SLICL,29,44,100,253,25300.00,2019-11-21 15:05:59.381544
427,2019112101005260,PRVU,5,5,300,227,68100.00,2019-11-21 15:05:59.381544
428,2019112101005261,GMFBS,18,18,10,473,4730.00,2019-11-21 15:05:59.381544
429,2019112101005262,CCBL,14,40,122,159,19398.00,2019-11-21 15:05:59.381544
430,2019112101005263,EIC,52,11,36,215,7740.00,2019-11-21 15:05:59.381544
431,2019112101005264,NLICL,35,52,10,424,4240.00,2019-11-21 15:05:59.381544
432,2019112101005265,UPPER,52,44,10,227,2270.00,2019-11-21 15:05:59.381544
433,2019112101005266,NIL,53,26,100,376,37600.00,2019-11-21 15:05:59.381544
434,2019112101005267,NMFBS,45,19,10,1707,17070.00,2019-11-21 15:05:59.381544
435,2019112101005268,NMFBS,34,19,40,1706,68240.00,2019-11-21 15:05:59.381544
436,2019112101005269,KPCL,10,59,220,84,18480.00,2019-11-21 15:05:59.381544
437,2019112101005210,GGBSL,49,29,10,633,6330.00,2019-11-21 15:05:59.381544
438,2019112101005211,CBBL,17,4,15,966,14490.00,2019-11-21 15:05:59.381544
439,2019112101005212,SANIMA,44,50,100,302,30200.00,2019-11-21 15:05:59.381544
440,2019112101005213,CBL,43,3,500,136,68000.00,2019-11-21 15:05:59.381544
441,2019112101005214,NMB,45,49,500,382,191000.00,2019-11-21 15:05:59.381544
442,2019112101005215,NMB,49,49,1200,382,458400.00,2019-11-21 15:05:59.381544
443,2019112101005216,SCB,14,21,10,550,5500.00,2019-11-21 15:05:59.381544
444,2019112101005217,SRBL,21,28,113,210,23730.00,2019-11-21 15:05:59.381544
445,2019112101005218,NHDL,6,10,90,111,9990.00,2019-11-21 15:05:59.381544
446,2019112101005219,NHDL,6,55,50,111,5550.00,2019-11-21 15:05:59.381544
447,2019112101005220,GMFBS,18,18,10,473,4730.00,2019-11-21 15:05:59.381544
448,2019112101005221,NMB,49,49,500,382,191000.00,2019-11-21 15:05:59.381544
449,2019112101005222,NMB,49,36,500,382,191000.00,2019-11-21 15:05:59.381544
450,2019112101005223,SANIMA,25,50,48,302,14496.00,2019-11-21 15:05:59.381544
451,2019112101005224,LBL,1,36,283,215,60845.00,2019-11-21 15:05:59.381544
452,2019112101005225,LBL,19,36,100,215,21500.00,2019-11-21 15:05:59.381544
453,2019112101005226,LBL,55,36,512,215,110080.00,2019-11-21 15:05:59.381544
454,2019112101005227,NICA,41,16,14,404,5656.00,2019-11-21 15:05:59.381544
455,2019112101005228,GGBSL,49,29,10,633,6330.00,2019-11-21 15:05:59.381544
456,2019112101005229,KPCL,19,26,50,84,4200.00,2019-11-21 15:05:59.381544
457,2019112101005230,MSMBS,51,49,11,450,4950.00,2019-11-21 15:05:59.381544
458,2019112101005231,GBLBS,8,17,15,290,4350.00,2019-11-21 15:05:59.381544
459,2019112101005232,GBLBS,8,5,285,290,82650.00,2019-11-21 15:05:59.381544
460,2019112101005233,GMFBS,18,18,10,473,4730.00,2019-11-21 15:05:59.381544
461,2019112101005234,GBLBS,3,5,65,290,18850.00,2019-11-21 15:05:59.381544
462,2019112101005235,SHIVM,37,45,50,410,20500.00,2019-11-21 15:05:59.381544
463,2019112101005236,GMFBS,18,18,10,473,4730.00,2019-11-21 15:05:59.381544
464,2019112101005162,SHIVM,58,45,30,410,12300.00,2019-11-21 15:05:59.381544
465,2019112101005163,EBL,57,19,22,548,12056.00,2019-11-21 15:05:59.381544
466,2019112101005164,KPCL,47,26,90,84,7560.00,2019-11-21 15:05:59.381544
467,2019112101005165,NLIC,16,16,22,785,17270.00,2019-11-21 15:05:59.381544
468,2019112101005166,SCB,29,42,20,552,11040.00,2019-11-21 15:05:59.381544
469,2019112101005167,PCBL,6,47,100,275,27500.00,2019-11-21 15:05:59.381544
470,2019112101005168,FOWAD,47,43,10,1302,13020.00,2019-11-21 15:05:59.381544
471,2019112101005169,FOWAD,45,43,10,1302,13020.00,2019-11-21 15:05:59.381544
472,2019112101005170,FOWAD,21,43,32,1301,41632.00,2019-11-21 15:05:59.381544
473,2019112101005171,FOWAD,45,43,200,1301,260200.00,2019-11-21 15:05:59.381544
474,2019112101005172,FOWAD,45,43,190,1301,247190.00,2019-11-21 15:05:59.381544
475,2019112101005173,SLBBL,17,41,50,600,30000.00,2019-11-21 15:05:59.381544
476,2019112101005174,NLIC,7,16,22,787,17314.00,2019-11-21 15:05:59.381544
477,2019112101005175,CBBL,44,52,50,964,48200.00,2019-11-21 15:05:59.381544
478,2019112101005176,TMDBL,56,57,400,143,57200.00,2019-11-21 15:05:59.381544
479,2019112101005177,SLBBL,22,7,144,595,85680.00,2019-11-21 15:05:59.381544
480,2019112101005178,NMB,34,50,41,382,15662.00,2019-11-21 15:05:59.381544
481,2019112101005179,PRVU,8,36,500,227,113500.00,2019-11-21 15:05:59.381544
482,2019112101005180,NMB,50,40,1000,382,382000.00,2019-11-21 15:05:59.381544
483,2019112101005181,CBL,43,46,108,136,14688.00,2019-11-21 15:05:59.381544
484,2019112101005182,NABIL,32,17,240,742,178080.00,2019-11-21 15:05:59.381544
485,2019112101005183,NABIL,34,17,100,742,74200.00,2019-11-21 15:05:59.381544
486,2019112101005184,NABIL,45,17,10,741,7410.00,2019-11-21 15:05:59.381544
487,2019112101005185,NABIL,22,17,40,741,29640.00,2019-11-21 15:05:59.381544
488,2019112101005186,NABIL,43,17,200,741,148200.00,2019-11-21 15:05:59.381544
489,2019112101005187,NABIL,42,17,50,740,37000.00,2019-11-21 15:05:59.381544
490,2019112101005188,NABIL,45,17,20,740,14800.00,2019-11-21 15:05:59.381544
491,2019112101005189,NABIL,42,17,10,740,7400.00,2019-11-21 15:05:59.381544
492,2019112101005190,NABIL,22,17,100,740,74000.00,2019-11-21 15:05:59.381544
493,2019112101005191,NABIL,29,17,100,740,74000.00,2019-11-21 15:05:59.381544
494,2019112101005192,NABIL,28,17,100,740,74000.00,2019-11-21 15:05:59.381544
495,2019112101005193,NABIL,51,17,50,740,37000.00,2019-11-21 15:05:59.381544
496,2019112101005194,NABIL,43,17,100,740,74000.00,2019-11-21 15:05:59.381544
497,2019112101005195,SDESI,8,11,87,642,55854.00,2019-11-21 15:05:59.381544
498,2019112101005196,NBL,17,18,50,315,15750.00,2019-11-21 15:05:59.381544
499,2019112101005197,RSDC,1,51,20,282,5640.00,2019-11-21 15:05:59.381544
500,2019112101005198,SBI,49,51,150,383,57450.00,2019-11-21 15:05:59.381544
501,2019112101005199,PRVU,16,36,25,227,5675.00,2019-11-21 15:05:59.381544
502,2019112101005200,PRVU,16,5,475,227,107825.00,2019-11-21 15:05:59.381544
503,2019112101005201,HURJA,29,19,10,102,1020.00,2019-11-21 15:05:59.381544
504,2019112101005202,PIC,16,51,275,345,94875.00,2019-11-21 15:05:59.381544
505,2019112101005203,PIC,35,51,200,345,69000.00,2019-11-21 15:05:59.381544
506,2019112101005204,PIC,17,51,30,345,10350.00,2019-11-21 15:05:59.381544
507,2019112101005205,PIC,1,51,100,345,34500.00,2019-11-21 15:05:59.381544
508,2019112101005206,PIC,44,51,160,345,55200.00,2019-11-21 15:05:59.381544
509,2019112101005207,BOKL,6,44,281,217,60977.00,2019-11-21 15:05:59.381544
510,2019112101005208,BOKL,6,29,719,217,156023.00,2019-11-21 15:05:59.381544
511,2019112101005209,RHPC,57,40,200,73,14600.00,2019-11-21 15:05:59.381544
512,2019112101005146,ADBL,4,22,50,412,20600.00,2019-11-21 15:05:59.381544
513,2019112101005147,CHCL,16,14,40,355,14200.00,2019-11-21 15:05:59.381544
514,2019112101005148,CHCL,16,22,50,355,17750.00,2019-11-21 15:05:59.381544
515,2019112101005149,MSMBS,14,49,25,450,11250.00,2019-11-21 15:05:59.381544
516,2019112101005150,NCCB,56,56,450,199,89550.00,2019-11-21 15:05:59.381544
517,2019112101005151,SDESI,36,6,50,643,32150.00,2019-11-21 15:05:59.381544
518,2019112101005152,SDESI,8,52,100,642,64200.00,2019-11-21 15:05:59.381544
519,2019112101005153,NMB,39,50,10,382,3820.00,2019-11-21 15:05:59.381544
520,2019112101005154,NICL,25,49,20,248,4960.00,2019-11-21 15:05:59.381544
521,2019112101005155,SHL,40,37,200,210,42000.00,2019-11-21 15:05:59.381544
522,2019112101005156,ADBL,8,33,250,411,102750.00,2019-11-21 15:05:59.381544
523,2019112101005157,ADBL,4,33,50,410,20500.00,2019-11-21 15:05:59.381544
524,2019112101005158,SANIMA,47,50,50,302,15100.00,2019-11-21 15:05:59.381544
525,2019112101005159,NBL,58,18,100,315,31500.00,2019-11-21 15:05:59.381544
526,2019112101005160,SABSL,50,58,10,477,4770.00,2019-11-21 15:05:59.381544
527,2019112101005161,KPCL,19,26,20,85,1700.00,2019-11-21 15:05:59.381544
528,2019112101005101,UPPER,25,44,500,225,112500.00,2019-11-21 15:05:59.381544
529,2019112101005102,NLIC,38,51,157,786,123402.00,2019-11-21 15:05:59.381544
530,2019112101005103,NLIC,42,51,60,786,47160.00,2019-11-21 15:05:59.381544
531,2019112101005104,NLIC,16,51,330,786,259380.00,2019-11-21 15:05:59.381544
532,2019112101005105,NLIC,6,51,195,785,153075.00,2019-11-21 15:05:59.381544
533,2019112101005106,NLIC,6,51,1000,785,785000.00,2019-11-21 15:05:59.381544
534,2019112101005107,NLIC,29,51,50,785,39250.00,2019-11-21 15:05:59.381544
535,2019112101005108,NLIC,16,51,65,785,51025.00,2019-11-21 15:05:59.381544
536,2019112101005109,RSDC,22,54,23,283,6509.00,2019-11-21 15:05:59.381544
537,2019112101005110,NMB,6,52,19,381,7239.00,2019-11-21 15:05:59.381544
538,2019112101005111,NMB,28,52,81,381,30861.00,2019-11-21 15:05:59.381544
539,2019112101005112,NTC,6,29,745,621,462645.00,2019-11-21 15:05:59.381544
540,2019112101005113,NTC,47,29,100,621,62100.00,2019-11-21 15:05:59.381544
541,2019112101005114,GBBL,4,57,100,223,22300.00,2019-11-21 15:05:59.381544
542,2019112101005115,GBBL,35,57,100,223,22300.00,2019-11-21 15:05:59.381544
543,2019112101005116,PCBL,13,56,200,276,55200.00,2019-11-21 15:05:59.381544
544,2019112101005117,UPPER,25,16,50,227,11350.00,2019-11-21 15:05:59.381544
545,2019112101005118,UPPER,25,39,40,228,9120.00,2019-11-21 15:05:59.381544
546,2019112101005119,UPPER,25,21,10,229,2290.00,2019-11-21 15:05:59.381544
547,2019112101005120,SDESI,11,6,30,643,19290.00,2019-11-21 15:05:59.381544
548,2019112101005121,NLIC,16,19,109,785,85565.00,2019-11-21 15:05:59.381544
549,2019112101005122,NLIC,56,19,91,785,71435.00,2019-11-21 15:05:59.381544
550,2019112101005123,NMB,37,37,1264,382,482848.00,2019-11-21 15:05:59.381544
551,2019112101005124,CBL,56,58,300,137,41100.00,2019-11-21 15:05:59.381544
552,2019112101005125,LBL,20,42,1000,216,216000.00,2019-11-21 15:05:59.381544
553,2019112101005126,MSMBS,41,57,50,450,22500.00,2019-11-21 15:05:59.381544
554,2019112101005127,SCB,29,54,10,551,5510.00,2019-11-21 15:05:59.381544
555,2019112101005128,SCB,14,54,10,550,5500.00,2019-11-21 15:05:59.381544
556,2019112101005129,SHIVM,13,25,100,408,40800.00,2019-11-21 15:05:59.381544
557,2019112101005130,SHIVM,56,25,150,407,61050.00,2019-11-21 15:05:59.381544
558,2019112101005131,AKPL,45,7,69,114,7866.00,2019-11-21 15:05:59.381544
559,2019112101005132,AKPL,14,7,37,114,4218.00,2019-11-21 15:05:59.381544
560,2019112101005133,AKPL,56,7,100,114,11400.00,2019-11-21 15:05:59.381544
561,2019112101005134,AKPL,25,7,50,114,5700.00,2019-11-21 15:05:59.381544
562,2019112101005135,AKPL,45,7,1250,114,142500.00,2019-11-21 15:05:59.381544
563,2019112101005136,AKPL,40,7,262,113,29606.00,2019-11-21 15:05:59.381544
564,2019112101005137,BOKL,6,44,219,217,47523.00,2019-11-21 15:05:59.381544
565,2019112101005138,LBL,43,55,33,215,7095.00,2019-11-21 15:05:59.381544
566,2019112101005139,LBL,1,55,67,215,14405.00,2019-11-21 15:05:59.381544
567,2019112101005140,NBL,33,13,2800,314,879200.00,2019-11-21 15:05:59.381544
568,2019112101005141,NTC,45,29,20,621,12420.00,2019-11-21 15:05:59.381544
569,2019112101005142,SDESI,38,6,129,643,82947.00,2019-11-21 15:05:59.381544
570,2019112101005143,SDESI,38,6,174,643,111882.00,2019-11-21 15:05:59.381544
571,2019112101005144,CHCL,25,14,10,355,3550.00,2019-11-21 15:05:59.381544
572,2019112101005145,NHDL,56,10,10,111,1110.00,2019-11-21 15:05:59.381544
573,2019112101005075,JBBL,34,8,138,158,21804.00,2019-11-21 15:05:59.381544
574,2019112101005076,NLBBL,25,33,10,500,5000.00,2019-11-21 15:05:59.381544
575,2019112101005077,PRIN,7,41,100,307,30700.00,2019-11-21 15:05:59.381544
576,2019112101005078,PRIN,49,41,65,306,19890.00,2019-11-21 15:05:59.381544
577,2019112101005079,SJCL,41,43,200,154,30800.00,2019-11-21 15:05:59.381544
578,2019112101005080,PCBL,6,43,309,275,84975.00,2019-11-21 15:05:59.381544
579,2019112101005081,JBBL,45,51,100,159,15900.00,2019-11-21 15:05:59.381544
580,2019112101005082,UPPER,44,42,27,224,6048.00,2019-11-21 15:05:59.381544
581,2019112101005083,BPCL,22,44,180,346,62280.00,2019-11-21 15:05:59.381544
582,2019112101005084,CBL,44,48,117,136,15912.00,2019-11-21 15:05:59.381544
583,2019112101005085,CBL,11,48,20,136,2720.00,2019-11-21 15:05:59.381544
584,2019112101005086,CBL,43,48,163,136,22168.00,2019-11-21 15:05:59.381544
585,2019112101005087,SJCL,26,46,10,155,1550.00,2019-11-21 15:05:59.381544
586,2019112101005088,CBBL,45,4,20,966,19320.00,2019-11-21 15:05:59.381544
587,2019112101005089,UPPER,44,42,72,224,16128.00,2019-11-21 15:05:59.381544
588,2019112101005090,MSMBS,51,49,33,451,14883.00,2019-11-21 15:05:59.381544
589,2019112101005091,API,25,41,20,103,2060.00,2019-11-21 15:05:59.381544
590,2019112101005092,ILBS,58,14,10,472,4720.00,2019-11-21 15:05:59.381544
591,2019112101005093,ADBL,57,7,500,411,205500.00,2019-11-21 15:05:59.381544
592,2019112101005094,NLIC,16,54,22,787,17314.00,2019-11-21 15:05:59.381544
593,2019112101005095,NLIC,38,54,15,786,11790.00,2019-11-21 15:05:59.381544
594,2019112101005096,PIC,16,54,11,345,3795.00,2019-11-21 15:05:59.381544
595,2019112101005097,SANIMA,38,50,100,302,30200.00,2019-11-21 15:05:59.381544
596,2019112101005098,SANIMA,53,50,10,302,3020.00,2019-11-21 15:05:59.381544
597,2019112101005099,NMBMF,45,55,40,480,19200.00,2019-11-21 15:05:59.381544
598,2019112101005100,NABIL,22,51,40,745,29800.00,2019-11-21 15:05:59.381544
599,2019112101005027,API,34,41,500,103,51500.00,2019-11-21 15:05:59.381544
600,2019112101005028,NMB,50,49,151,382,57682.00,2019-11-21 15:05:59.381544
601,2019112101005029,CBL,39,58,328,136,44608.00,2019-11-21 15:05:59.381544
602,2019112101005030,CBL,32,58,1000,136,136000.00,2019-11-21 15:05:59.381544
603,2019112101005031,CBL,7,58,500,136,68000.00,2019-11-21 15:05:59.381544
604,2019112101005032,CBL,34,58,100,136,13600.00,2019-11-21 15:05:59.381544
605,2019112101005033,CBL,44,58,72,136,9792.00,2019-11-21 15:05:59.381544
606,2019112101005034,GMFBS,46,10,10,472,4720.00,2019-11-21 15:05:59.381544
607,2019112101005035,SLICL,45,11,100,250,25000.00,2019-11-21 15:05:59.381544
608,2019112101005036,NMB,50,50,349,382,133318.00,2019-11-21 15:05:59.381544
609,2019112101005037,NMB,21,50,500,382,191000.00,2019-11-21 15:05:59.381544
610,2019112101005038,NMB,43,50,100,382,38200.00,2019-11-21 15:05:59.381544
611,2019112101005039,LICN,25,14,10,970,9700.00,2019-11-21 15:05:59.381544
612,2019112101005040,UPPER,13,7,188,224,42112.00,2019-11-21 15:05:59.381544
613,2019112101005041,UPPER,52,7,100,224,22400.00,2019-11-21 15:05:59.381544
614,2019112101005042,UPPER,1,7,150,224,33600.00,2019-11-21 15:05:59.381544
615,2019112101005043,UPPER,41,7,100,224,22400.00,2019-11-21 15:05:59.381544
616,2019112101005044,UPPER,56,7,100,224,22400.00,2019-11-21 15:05:59.381544
617,2019112101005045,UPPER,44,7,800,224,179200.00,2019-11-21 15:05:59.381544
618,2019112101005046,PRVU,4,49,210,226,47460.00,2019-11-21 15:05:59.381544
619,2019112101005047,PRVU,4,49,546,226,123396.00,2019-11-21 15:05:59.381544
620,2019112101005048,LBL,35,42,70,216,15120.00,2019-11-21 15:05:59.381544
621,2019112101005049,TMDBL,40,57,430,143,61490.00,2019-11-21 15:05:59.381544
622,2019112101005050,TMDBL,14,57,170,143,24310.00,2019-11-21 15:05:59.381544
623,2019112101005051,CBBL,45,4,50,966,48300.00,2019-11-21 15:05:59.381544
624,2019112101005052,PRIN,49,32,127,310,39370.00,2019-11-21 15:05:59.381544
625,2019112101005053,NCCB,56,56,1000,199,199000.00,2019-11-21 15:05:59.381544
626,2019112101005054,NCCB,56,56,1000,199,199000.00,2019-11-21 15:05:59.381544
627,2019112101005055,BPCL,43,54,110,345,37950.00,2019-11-21 15:05:59.381544
628,2019112101005056,SJCL,41,33,20,154,3080.00,2019-11-21 15:05:59.381544
629,2019112101005057,SBL,1,46,30,281,8430.00,2019-11-21 15:05:59.381544
630,2019112101005058,SBL,8,46,470,281,132070.00,2019-11-21 15:05:59.381544
631,2019112101005059,JFL,32,58,20,192,3840.00,2019-11-21 15:05:59.381544
632,2019112101005060,CCBL,1,7,203,160,32480.00,2019-11-21 15:05:59.381544
633,2019112101005061,GBBL,45,49,100,224,22400.00,2019-11-21 15:05:59.381544
634,2019112101005062,NIB,55,11,254,419,106426.00,2019-11-21 15:05:59.381544
635,2019112101005063,API,7,57,640,101,64640.00,2019-11-21 15:05:59.381544
636,2019112101005064,API,17,57,360,101,36360.00,2019-11-21 15:05:59.381544
637,2019112101005065,ILBS,43,41,200,468,93600.00,2019-11-21 15:05:59.381544
638,2019112101005066,ILBS,56,41,35,467,16345.00,2019-11-21 15:05:59.381544
639,2019112101005067,ILBS,21,41,65,467,30355.00,2019-11-21 15:05:59.381544
640,2019112101005068,CBL,44,16,11,136,1496.00,2019-11-21 15:05:59.381544
641,2019112101005069,JBBL,45,51,100,159,15900.00,2019-11-21 15:05:59.381544
642,2019112101005070,NLBBL,25,44,10,497,4970.00,2019-11-21 15:05:59.381544
643,2019112101005071,RHPL,57,33,30,163,4890.00,2019-11-21 15:05:59.381544
644,2019112101005072,UPPER,44,49,362,224,81088.00,2019-11-21 15:05:59.381544
645,2019112101005073,NIB,55,54,132,419,55308.00,2019-11-21 15:05:59.381544
646,2019112101005074,NIB,53,54,292,419,122348.00,2019-11-21 15:05:59.381544
647,2019112101004993,ALBSL,1,49,10,393,3930.00,2019-11-21 15:05:59.381544
648,2019112101004994,NMB,10,57,820,382,313240.00,2019-11-21 15:05:59.381544
649,2019112101004995,NBL,8,18,300,315,94500.00,2019-11-21 15:05:59.381544
650,2019112101004996,PPCL,19,52,10,103,1030.00,2019-11-21 15:05:59.381544
651,2019112101004997,PPCL,51,52,100,103,10300.00,2019-11-21 15:05:59.381544
652,2019112101004998,PPCL,22,52,90,103,9270.00,2019-11-21 15:05:59.381544
653,2019112101004999,SHIVM,25,16,50,406,20300.00,2019-11-21 15:05:59.381544
654,2019112101005000,NBB,45,49,30,202,6060.00,2019-11-21 15:05:59.381544
655,2019112101005001,AKBSL,49,33,10,424,4240.00,2019-11-21 15:05:59.381544
656,2019112101005002,ALBSL,57,18,130,392,50960.00,2019-11-21 15:05:59.381544
657,2019112101005003,GGBSL,36,25,10,633,6330.00,2019-11-21 15:05:59.381544
658,2019112101005004,PCBL,52,56,100,276,27600.00,2019-11-21 15:05:59.381544
659,2019112101005005,MPFL,44,44,10,100,1000.00,2019-11-21 15:05:59.381544
660,2019112101005006,NLIC,56,49,34,786,26724.00,2019-11-21 15:05:59.381544
661,2019112101005007,NLIC,38,49,28,786,22008.00,2019-11-21 15:05:59.381544
662,2019112101005008,CCBL,14,52,50,159,7950.00,2019-11-21 15:05:59.381544
663,2019112101005009,PRVU,6,43,59,227,13393.00,2019-11-21 15:05:59.381544
664,2019112101005010,PRVU,6,34,216,227,49032.00,2019-11-21 15:05:59.381544
665,2019112101005011,PRVU,6,36,725,227,164575.00,2019-11-21 15:05:59.381544
666,2019112101005012,SABSL,6,33,10,474,4740.00,2019-11-21 15:05:59.381544
667,2019112101005013,NBL,33,40,200,314,62800.00,2019-11-21 15:05:59.381544
668,2019112101005014,SIL,25,50,11,365,4015.00,2019-11-21 15:05:59.381544
669,2019112101005015,MEGA,34,7,447,181,80907.00,2019-11-21 15:05:59.381544
670,2019112101005016,MEGA,28,7,53,181,9593.00,2019-11-21 15:05:59.381544
671,2019112101005017,PCBL,6,58,100,275,27500.00,2019-11-21 15:05:59.381544
672,2019112101005018,GBBL,32,49,21,224,4704.00,2019-11-21 15:05:59.381544
673,2019112101005019,GBBL,34,49,500,224,112000.00,2019-11-21 15:05:59.381544
674,2019112101005020,GBBL,53,49,100,224,22400.00,2019-11-21 15:05:59.381544
675,2019112101005021,GBBL,45,49,215,224,48160.00,2019-11-21 15:05:59.381544
676,2019112101005022,BOKL,6,45,220,216,47520.00,2019-11-21 15:05:59.381544
677,2019112101005023,BOKL,6,17,64,216,13824.00,2019-11-21 15:05:59.381544
678,2019112101005024,BOKL,6,45,100,216,21600.00,2019-11-21 15:05:59.381544
679,2019112101005025,GGBSL,49,25,10,633,6330.00,2019-11-21 15:05:59.381544
680,2019112101005026,CBL,39,16,10,136,1360.00,2019-11-21 15:05:59.381544
681,2019112101004964,CZBIL,6,44,100,183,18300.00,2019-11-21 15:05:59.381544
682,2019112101004965,GLICL,25,58,10,354,3540.00,2019-11-21 15:05:59.381544
683,2019112101004966,NMB,6,54,63,381,24003.00,2019-11-21 15:05:59.381544
684,2019112101004967,GBLBS,34,49,15,288,4320.00,2019-11-21 15:05:59.381544
685,2019112101004968,LBBL,44,45,266,168,44688.00,2019-11-21 15:05:59.381544
686,2019112101004969,LBBL,55,45,734,168,123312.00,2019-11-21 15:05:59.381544
687,2019112101004970,BPCL,43,58,100,345,34500.00,2019-11-21 15:05:59.381544
688,2019112101004971,SDESI,14,6,50,643,32150.00,2019-11-21 15:05:59.381544
689,2019112101004972,SANIMA,21,17,100,302,30200.00,2019-11-21 15:05:59.381544
690,2019112101004973,SANIMA,38,17,16,302,4832.00,2019-11-21 15:05:59.381544
691,2019112101004974,MBL,5,17,50,220,11000.00,2019-11-21 15:05:59.381544
692,2019112101004975,MHNL,16,28,20,79,1580.00,2019-11-21 15:05:59.381544
693,2019112101004976,PRVU,4,21,10,226,2260.00,2019-11-21 15:05:59.381544
694,2019112101004977,CZBIL,6,44,100,183,18300.00,2019-11-21 15:05:59.381544
695,2019112101004978,SCB,29,49,20,551,11020.00,2019-11-21 15:05:59.381544
696,2019112101004979,NMB,6,16,74,381,28194.00,2019-11-21 15:05:59.381544
697,2019112101004980,EBL,19,1,15,549,8235.00,2019-11-21 15:05:59.381544
698,2019112101004981,PFL,48,54,39,133,5187.00,2019-11-21 15:05:59.381544
699,2019112101004982,SJCL,41,44,20,154,3080.00,2019-11-21 15:05:59.381544
700,2019112101004983,PLIC,5,28,50,309,15450.00,2019-11-21 15:05:59.381544
701,2019112101004984,SMB,51,49,10,422,4220.00,2019-11-21 15:05:59.381544
702,2019112101004985,SLBBL,25,52,50,592,29600.00,2019-11-21 15:05:59.381544
703,2019112101004986,SJCL,44,29,10,155,1550.00,2019-11-21 15:05:59.381544
704,2019112101004987,SJCL,44,46,10,155,1550.00,2019-11-21 15:05:59.381544
705,2019112101004988,SDESI,22,6,181,643,116383.00,2019-11-21 15:05:59.381544
706,2019112101004989,CCBL,36,7,80,160,12800.00,2019-11-21 15:05:59.381544
707,2019112101004990,JSLBB,38,51,10,1175,11750.00,2019-11-21 15:05:59.381544
708,2019112101004991,EIC,52,46,65,214,13910.00,2019-11-21 15:05:59.381544
709,2019112101004992,UPPER,13,54,97,224,21728.00,2019-11-21 15:05:59.381544
710,2019112101004925,NICA,49,17,100,403,40300.00,2019-11-21 15:05:59.381544
711,2019112101004926,NLIC,56,49,22,786,17292.00,2019-11-21 15:05:59.381544
712,2019112101004927,MPFL,44,44,10,100,1000.00,2019-11-21 15:05:59.381544
713,2019112101004928,NIB,26,26,4,412,1648.00,2019-11-21 15:05:59.381544
714,2019112101004929,NICA,11,17,200,403,80600.00,2019-11-21 15:05:59.381544
715,2019112101004930,BPCL,36,54,55,344,18920.00,2019-11-21 15:05:59.381544
716,2019112101004931,PIC,16,49,11,345,3795.00,2019-11-21 15:05:59.381544
717,2019112101004932,SDESI,22,45,116,642,74472.00,2019-11-21 15:05:59.381544
718,2019112101004933,SDESI,22,22,120,642,77040.00,2019-11-21 15:05:59.381544
719,2019112101004934,SDESI,22,10,83,642,53286.00,2019-11-21 15:05:59.381544
720,2019112101004935,CZBIL,21,44,100,183,18300.00,2019-11-21 15:05:59.381544
721,2019112101004936,CHL,18,28,10,81,810.00,2019-11-21 15:05:59.381544
722,2019112101004937,NMFBS,34,52,50,1706,85300.00,2019-11-21 15:05:59.381544
723,2019112101004938,SCB,29,49,20,551,11020.00,2019-11-21 15:05:59.381544
724,2019112101004939,NIB,55,54,14,419,5866.00,2019-11-21 15:05:59.381544
725,2019112101004940,NMB,5,36,50,383,19150.00,2019-11-21 15:05:59.381544
726,2019112101004941,NMB,50,50,260,382,99320.00,2019-11-21 15:05:59.381544
727,2019112101004942,NMB,28,50,740,382,282680.00,2019-11-21 15:05:59.381544
728,2019112101004943,GMFBS,17,18,10,469,4690.00,2019-11-21 15:05:59.381544
729,2019112101004944,PRVU,4,22,1400,226,316400.00,2019-11-21 15:05:59.381544
730,2019112101004945,NLIC,56,54,12,786,9432.00,2019-11-21 15:05:59.381544
731,2019112101004946,SCB,29,44,200,551,110200.00,2019-11-21 15:05:59.381544
732,2019112101004947,NMB,28,57,260,382,99320.00,2019-11-21 15:05:59.381544
733,2019112101004948,NMB,45,57,20,382,7640.00,2019-11-21 15:05:59.381544
734,2019112101004949,NMB,55,57,200,382,76400.00,2019-11-21 15:05:59.381544
735,2019112101004950,LICN,1,14,20,955,19100.00,2019-11-21 15:05:59.381544
736,2019112101004951,LICN,28,14,50,954,47700.00,2019-11-21 15:05:59.381544
737,2019112101004952,MHNL,16,28,30,79,2370.00,2019-11-21 15:05:59.381544
738,2019112101004953,CBL,39,16,11,136,1496.00,2019-11-21 15:05:59.381544
739,2019112101004954,RHPL,44,44,30,164,4920.00,2019-11-21 15:05:59.381544
740,2019112101004955,NICA,11,17,46,403,18538.00,2019-11-21 15:05:59.381544
741,2019112101004956,SBI,47,52,18,380,6840.00,2019-11-21 15:05:59.381544
742,2019112101004957,SBI,25,52,82,380,31160.00,2019-11-21 15:05:59.381544
743,2019112101004958,SLICL,5,8,37,252,9324.00,2019-11-21 15:05:59.381544
744,2019112101004959,SLICL,5,44,13,253,3289.00,2019-11-21 15:05:59.381544
745,2019112101004960,NMBMF,21,43,50,482,24100.00,2019-11-21 15:05:59.381544
746,2019112101004961,UPPER,41,18,100,224,22400.00,2019-11-21 15:05:59.381544
747,2019112101004962,UPPER,13,18,193,224,43232.00,2019-11-21 15:05:59.381544
748,2019112101004963,EBL,19,1,50,549,27450.00,2019-11-21 15:05:59.381544
749,2019112101004894,CCBL,45,7,807,160,129120.00,2019-11-21 15:05:59.381544
750,2019112101004895,NMB,6,54,25,381,9525.00,2019-11-21 15:05:59.381544
751,2019112101004896,GGBSL,36,35,10,633,6330.00,2019-11-21 15:05:59.381544
752,2019112101004897,GMFBS,18,18,10,466,4660.00,2019-11-21 15:05:59.381544
753,2019112101004898,NMBHF1,47,28,1664,8.4,13977.60,2019-11-21 15:05:59.381544
754,2019112101004899,GBLBS,34,42,15,288,4320.00,2019-11-21 15:05:59.381544
755,2019112101004900,SIFC,29,21,20,149,2980.00,2019-11-21 15:05:59.381544
756,2019112101004901,ALICL,6,57,55,313,17215.00,2019-11-21 15:05:59.381544
757,2019112101004902,ALICL,49,57,15,312,4680.00,2019-11-21 15:05:59.381544
758,2019112101004903,NMB,36,50,334,382,127588.00,2019-11-21 15:05:59.381544
759,2019112101004904,NMB,36,55,300,382,114600.00,2019-11-21 15:05:59.381544
760,2019112101004905,NMB,36,36,16,383,6128.00,2019-11-21 15:05:59.381544
761,2019112101004906,GMFBS,44,44,10,475,4750.00,2019-11-21 15:05:59.381544
762,2019112101004907,NMB,22,36,200,383,76600.00,2019-11-21 15:05:59.381544
763,2019112101004908,NIB,26,26,8,412,3296.00,2019-11-21 15:05:59.381544
764,2019112101004909,CCBL,22,59,100,160,16000.00,2019-11-21 15:05:59.381544
765,2019112101004910,GMFBS,17,18,10,468,4680.00,2019-11-21 15:05:59.381544
766,2019112101004911,DBBL,22,59,30,122,3660.00,2019-11-21 15:05:59.381544
767,2019112101004912,DBBL,57,59,70,121,8470.00,2019-11-21 15:05:59.381544
768,2019112101004913,PFL,48,54,39,133,5187.00,2019-11-21 15:05:59.381544
769,2019112101004914,ALICL,49,57,30,312,9360.00,2019-11-21 15:05:59.381544
770,2019112101004915,GBLBS,34,49,15,288,4320.00,2019-11-21 15:05:59.381544
771,2019112101004916,MEGA,1,42,344,182,62608.00,2019-11-21 15:05:59.381544
772,2019112101004917,NMB,49,50,260,382,99320.00,2019-11-21 15:05:59.381544
773,2019112101004918,NMB,50,50,2740,382,1046680.00,2019-11-21 15:05:59.381544
774,2019112101004919,MEGAPO,57,33,17511,102,1786122.00,2019-11-21 15:05:59.381544
775,2019112101004920,UPPER,53,54,18,224,4032.00,2019-11-21 15:05:59.381544
776,2019112101004921,UPPER,13,54,22,224,4928.00,2019-11-21 15:05:59.381544
777,2019112101004922,NIB,26,26,6,412,2472.00,2019-11-21 15:05:59.381544
778,2019112101004923,NBB,22,50,40,203,8120.00,2019-11-21 15:05:59.381544
779,2019112101004924,NBB,22,37,160,203,32480.00,2019-11-21 15:05:59.381544
780,2019112101004849,GBBL,7,56,221,224,49504.00,2019-11-21 15:05:59.381544
781,2019112101004850,GBBL,32,56,79,224,17696.00,2019-11-21 15:05:59.381544
782,2019112101004851,NBB,45,21,100,201,20100.00,2019-11-21 15:05:59.381544
783,2019112101004852,NCCB,58,34,10,200,2000.00,2019-11-21 15:05:59.381544
784,2019112101004853,NICA,8,44,480,402,192960.00,2019-11-21 15:05:59.381544
785,2019112101004854,GMFBS,18,18,10,466,4660.00,2019-11-21 15:05:59.381544
786,2019112101004855,NADEP,48,54,20,390,7800.00,2019-11-21 15:05:59.381544
787,2019112101004856,PFL,14,58,161,135,21735.00,2019-11-21 15:05:59.381544
788,2019112101004857,PFL,22,58,20,135,2700.00,2019-11-21 15:05:59.381544
789,2019112101004858,NABIL,36,32,50,741,37050.00,2019-11-21 15:05:59.381544
790,2019112101004859,NABIL,16,32,10,741,7410.00,2019-11-21 15:05:59.381544
791,2019112101004860,NABIL,5,32,100,741,74100.00,2019-11-21 15:05:59.381544
792,2019112101004861,NABIL,38,32,25,740,18500.00,2019-11-21 15:05:59.381544
793,2019112101004862,NABIL,58,32,20,740,14800.00,2019-11-21 15:05:59.381544
794,2019112101004863,NABIL,37,32,10,740,7400.00,2019-11-21 15:05:59.381544
795,2019112101004864,NABIL,59,32,10,740,7400.00,2019-11-21 15:05:59.381544
796,2019112101004865,NABIL,39,32,30,740,22200.00,2019-11-21 15:05:59.381544
797,2019112101004866,NABIL,42,32,100,740,74000.00,2019-11-21 15:05:59.381544
798,2019112101004867,AKBSL,58,34,10,423,4230.00,2019-11-21 15:05:59.381544
799,2019112101004868,MNBBL,22,22,20,315,6300.00,2019-11-21 15:05:59.381544
800,2019112101004869,NBL,33,52,100,314,31400.00,2019-11-21 15:05:59.381544
801,2019112101004870,LBL,43,52,100,215,21500.00,2019-11-21 15:05:59.381544
802,2019112101004871,NBB,58,50,10,203,2030.00,2019-11-21 15:05:59.381544
803,2019112101004872,SRBL,34,8,238,209,49742.00,2019-11-21 15:05:59.381544
804,2019112101004873,GMFBS,18,18,10,466,4660.00,2019-11-21 15:05:59.381544
805,2019112101004874,NHDL,6,41,30,110,3300.00,2019-11-21 15:05:59.381544
806,2019112101004875,NHDL,6,57,100,110,11000.00,2019-11-21 15:05:59.381544
807,2019112101004876,NHDL,6,41,30,110,3300.00,2019-11-21 15:05:59.381544
808,2019112101004877,HDL,34,44,10,1764,17640.00,2019-11-21 15:05:59.381544
809,2019112101004878,HDL,34,48,30,1765,52950.00,2019-11-21 15:05:59.381544
810,2019112101004879,GGBSL,36,35,10,633,6330.00,2019-11-21 15:05:59.381544
811,2019112101004880,SDESI,38,1,17,640,10880.00,2019-11-21 15:05:59.381544
812,2019112101004881,EDBL,53,43,296,273,80808.00,2019-11-21 15:05:59.381544
813,2019112101004882,NLIC,5,54,12,787,9444.00,2019-11-21 15:05:59.381544
814,2019112101004883,ILBS,36,57,40,470,18800.00,2019-11-21 15:05:59.381544
815,2019112101004884,ILBS,58,57,10,468,4680.00,2019-11-21 15:05:59.381544
816,2019112101004885,NMBMF,38,43,10,482,4820.00,2019-11-21 15:05:59.381544
817,2019112101004886,GMFBS,18,18,10,466,4660.00,2019-11-21 15:05:59.381544
818,2019112101004887,AKBSL,58,42,10,423,4230.00,2019-11-21 15:05:59.381544
819,2019112101004888,EBL,57,52,50,548,27400.00,2019-11-21 15:05:59.381544
820,2019112101004889,UPPER,25,44,120,225,27000.00,2019-11-21 15:05:59.381544
821,2019112101004890,API,22,41,20,103,2060.00,2019-11-21 15:05:59.381544
822,2019112101004891,LICN,34,25,10,973,9730.00,2019-11-21 15:05:59.381544
823,2019112101004892,GGBSL,36,35,10,633,6330.00,2019-11-21 15:05:59.381544
824,2019112101004893,EDBL,53,58,500,273,136500.00,2019-11-21 15:05:59.381544
825,2019112101004825,NUBL,1,44,40,884,35360.00,2019-11-21 15:05:59.381544
826,2019112101004826,ALICL,49,34,1025,314,321850.00,2019-11-21 15:05:59.381544
827,2019112101004827,CCBL,45,21,62,160,9920.00,2019-11-21 15:05:59.381544
828,2019112101004828,SLBSL,43,7,100,705,70500.00,2019-11-21 15:05:59.381544
829,2019112101004829,JSLBB,51,51,50,1152,57600.00,2019-11-21 15:05:59.381544
830,2019112101004830,HIDCL,25,58,250,130,32500.00,2019-11-21 15:05:59.381544
831,2019112101004831,PLIC,28,53,10,304,3040.00,2019-11-21 15:05:59.381544
832,2019112101004832,CBL,46,58,20,137,2740.00,2019-11-21 15:05:59.381544
833,2019112101004833,NICA,8,44,1000,402,402000.00,2019-11-21 15:05:59.381544
834,2019112101004834,SIFC,29,43,49,149,7301.00,2019-11-21 15:05:59.381544
835,2019112101004835,PLIC,28,28,10,309,3090.00,2019-11-21 15:05:59.381544
836,2019112101004836,NICA,46,44,20,402,8040.00,2019-11-21 15:05:59.381544
837,2019112101004837,GGBSL,36,35,10,633,6330.00,2019-11-21 15:05:59.381544
838,2019112101004838,RHPL,16,7,1195,164,195980.00,2019-11-21 15:05:59.381544
839,2019112101004839,JOSHI,46,6,10,61,610.00,2019-11-21 15:05:59.381544
840,2019112101004840,NICA,8,44,1000,402,402000.00,2019-11-21 15:05:59.381544
841,2019112101004841,NUBL,5,44,10,883,8830.00,2019-11-21 15:05:59.381544
842,2019112101004842,SABSL,49,50,50,477,23850.00,2019-11-21 15:05:59.381544
843,2019112101004843,PIC,16,11,61,345,21045.00,2019-11-21 15:05:59.381544
844,2019112101004844,NCCB,56,18,1393,199,277207.00,2019-11-21 15:05:59.381544
845,2019112101004845,NICA,8,44,1000,402,402000.00,2019-11-21 15:05:59.381544
846,2019112101004846,CZBIL,45,39,50,182,9100.00,2019-11-21 15:05:59.381544
847,2019112101004847,CHCL,16,52,100,352,35200.00,2019-11-21 15:05:59.381544
848,2019112101004848,BPCL,36,54,22,344,7568.00,2019-11-21 15:05:59.381544
849,2019112101004790,NABIL,44,17,50,743,37150.00,2019-11-21 15:05:59.381544
850,2019112101004791,NABIL,26,17,50,742,37100.00,2019-11-21 15:05:59.381544
851,2019112101004792,NABIL,16,17,100,742,74200.00,2019-11-21 15:05:59.381544
852,2019112101004793,PCBL,6,29,14,275,3850.00,2019-11-21 15:05:59.381544
853,2019112101004794,SDESI,58,10,10,641,6410.00,2019-11-21 15:05:59.381544
854,2019112101004795,NMB,21,8,14,382,5348.00,2019-11-21 15:05:59.381544
855,2019112101004796,NMB,19,8,41,382,15662.00,2019-11-21 15:05:59.381544
856,2019112101004797,NIB,16,43,143,420,60060.00,2019-11-21 15:05:59.381544
857,2019112101004798,ADBL,49,7,500,409,204500.00,2019-11-21 15:05:59.381544
858,2019112101004799,SABSL,6,57,10,474,4740.00,2019-11-21 15:05:59.381544
859,2019112101004800,GGBSL,36,1,10,633,6330.00,2019-11-21 15:05:59.381544
860,2019112101004801,NMB,19,21,59,382,22538.00,2019-11-21 15:05:59.381544
861,2019112101004802,NMB,57,21,111,382,42402.00,2019-11-21 15:05:59.381544
862,2019112101004803,NMB,50,21,34,382,12988.00,2019-11-21 15:05:59.381544
863,2019112101004804,AKBSL,58,43,110,423,46530.00,2019-11-21 15:05:59.381544
864,2019112101004805,NMB,50,50,466,382,178012.00,2019-11-21 15:05:59.381544
865,2019112101004806,PRVU,34,8,90,226,20340.00,2019-11-21 15:05:59.381544
866,2019112101004807,PRVU,4,8,380,226,85880.00,2019-11-21 15:05:59.381544
867,2019112101004808,CHCL,16,6,500,352,176000.00,2019-11-21 15:05:59.381544
868,2019112101004809,CBL,50,58,500,137,68500.00,2019-11-21 15:05:59.381544
869,2019112101004810,UPCL,17,42,50,72,3600.00,2019-11-21 15:05:59.381544
870,2019112101004811,SDESI,25,45,13,642,8346.00,2019-11-21 15:05:59.381544
871,2019112101004812,NCCB,13,21,55,198,10890.00,2019-11-21 15:05:59.381544
872,2019112101004813,SBI,47,45,121,380,45980.00,2019-11-21 15:05:59.381544
873,2019112101004814,NMB,6,50,100,382,38200.00,2019-11-21 15:05:59.381544
874,2019112101004815,NMB,1,50,100,382,38200.00,2019-11-21 15:05:59.381544
875,2019112101004816,PMHPL,46,21,10,83,830.00,2019-11-21 15:05:59.381544
876,2019112101004817,UPPER,42,43,110,224,24640.00,2019-11-21 15:05:59.381544
877,2019112101004818,UPPER,57,43,100,224,22400.00,2019-11-21 15:05:59.381544
878,2019112101004819,UPPER,19,43,100,224,22400.00,2019-11-21 15:05:59.381544
879,2019112101004820,UPPER,16,43,100,224,22400.00,2019-11-21 15:05:59.381544
880,2019112101004821,UPPER,43,43,200,224,44800.00,2019-11-21 15:05:59.381544
881,2019112101004822,UPPER,45,43,300,224,67200.00,2019-11-21 15:05:59.381544
882,2019112101004823,UPPER,53,43,82,224,18368.00,2019-11-21 15:05:59.381544
883,2019112101004824,MLBL,32,21,75,173,12975.00,2019-11-21 15:05:59.381544
884,2019112101004765,NIBPO,53,51,100,386,38600.00,2019-11-21 15:05:59.381544
885,2019112101004766,NIBPO,19,51,138,386,53268.00,2019-11-21 15:05:59.381544
886,2019112101004767,NIBPO,55,51,1262,385,485870.00,2019-11-21 15:05:59.381544
887,2019112101004768,CZBIL,45,43,290,182,52780.00,2019-11-21 15:05:59.381544
888,2019112101004769,AKBSL,58,57,10,423,4230.00,2019-11-21 15:05:59.381544
889,2019112101004770,NIL,49,47,100,375,37500.00,2019-11-21 15:05:59.381544
890,2019112101004771,NIL,49,20,100,375,37500.00,2019-11-21 15:05:59.381544
891,2019112101004772,GGBSL,18,35,10,633,6330.00,2019-11-21 15:05:59.381544
892,2019112101004773,CZBIL,45,18,36,182,6552.00,2019-11-21 15:05:59.381544
893,2019112101004774,JSLBB,22,51,10,1152,11520.00,2019-11-21 15:05:59.381544
894,2019112101004775,HIDCL,1,47,100,130,13000.00,2019-11-21 15:05:59.381544
895,2019112101004776,EIC,52,51,13,213,2769.00,2019-11-21 15:05:59.381544
896,2019112101004777,GGBSL,18,35,10,633,6330.00,2019-11-21 15:05:59.381544
897,2019112101004778,CZBIL,45,59,100,182,18200.00,2019-11-21 15:05:59.381544
898,2019112101004779,CBBL,6,58,75,967,72525.00,2019-11-21 15:05:59.381544
899,2019112101004780,MNBBL,53,22,150,315,47250.00,2019-11-21 15:05:59.381544
900,2019112101004781,PLIC,41,20,100,300,30000.00,2019-11-21 15:05:59.381544
901,2019112101004782,SHIVM,41,45,100,407,40700.00,2019-11-21 15:05:59.381544
902,2019112101004783,NCCB,13,52,501,198,99198.00,2019-11-21 15:05:59.381544
903,2019112101004784,MNBBL,5,43,50,313,15650.00,2019-11-21 15:05:59.381544
904,2019112101004785,MNBBL,26,43,200,312,62400.00,2019-11-21 15:05:59.381544
905,2019112101004786,MNBBL,13,43,83,311,25813.00,2019-11-21 15:05:59.381544
906,2019112101004787,MNBBL,37,43,500,310,155000.00,2019-11-21 15:05:59.381544
907,2019112101004788,MNBBL,25,43,50,310,15500.00,2019-11-21 15:05:59.381544
908,2019112101004789,MNBBL,14,43,117,310,36270.00,2019-11-21 15:05:59.381544
909,2019112101004742,AKJCL,7,33,20,57,1140.00,2019-11-21 15:05:59.381544
910,2019112101004743,SDESI,55,38,210,641,134610.00,2019-11-21 15:05:59.381544
911,2019112101004744,SDESI,55,10,90,641,57690.00,2019-11-21 15:05:59.381544
912,2019112101004745,NHDL,6,57,20,108,2160.00,2019-11-21 15:05:59.381544
913,2019112101004746,NHDL,6,41,350,108,37800.00,2019-11-21 15:05:59.381544
914,2019112101004747,NIB,47,43,394,420,165480.00,2019-11-21 15:05:59.381544
915,2019112101004748,SBI,33,43,49,381,18669.00,2019-11-21 15:05:59.381544
916,2019112101004749,SBI,25,43,140,380,53200.00,2019-11-21 15:05:59.381544
917,2019112101004750,SBI,54,43,50,380,19000.00,2019-11-21 15:05:59.381544
918,2019112101004751,SBI,47,43,61,380,23180.00,2019-11-21 15:05:59.381544
919,2019112101004752,EIC,7,51,20,213,4260.00,2019-11-21 15:05:59.381544
920,2019112101004753,CBL,39,59,100,136,13600.00,2019-11-21 15:05:59.381544
921,2019112101004754,AKBSL,58,57,10,423,4230.00,2019-11-21 15:05:59.381544
922,2019112101004755,MBL,8,43,45,219,9855.00,2019-11-21 15:05:59.381544
923,2019112101004756,MBL,28,43,32,218,6976.00,2019-11-21 15:05:59.381544
924,2019112101004757,MBL,14,43,113,218,24634.00,2019-11-21 15:05:59.381544
925,2019112101004758,CBL,17,58,500,137,68500.00,2019-11-21 15:05:59.381544
926,2019112101004759,LBL,43,43,233,215,50095.00,2019-11-21 15:05:59.381544
927,2019112101004760,LBL,43,43,67,215,14405.00,2019-11-21 15:05:59.381544
928,2019112101004761,NCCB,56,18,145,199,28855.00,2019-11-21 15:05:59.381544
929,2019112101004762,NCCB,40,18,600,199,119400.00,2019-11-21 15:05:59.381544
930,2019112101004763,JSLBB,22,51,10,1152,11520.00,2019-11-21 15:05:59.381544
931,2019112101004764,CZBIL,28,44,100,183,18300.00,2019-11-21 15:05:59.381544
932,2019112101004703,NHPC,34,58,40,50,2000.00,2019-11-21 15:05:59.381544
933,2019112101004704,NIB,46,43,10,422,4220.00,2019-11-21 15:05:59.381544
934,2019112101004705,NIB,52,43,20,421,8420.00,2019-11-21 15:05:59.381544
935,2019112101004706,NIB,38,43,274,420,115080.00,2019-11-21 15:05:59.381544
936,2019112101004707,NIB,40,43,200,420,84000.00,2019-11-21 15:05:59.381544
937,2019112101004708,NIB,45,43,50,420,21000.00,2019-11-21 15:05:59.381544
938,2019112101004709,NIB,43,43,50,420,21000.00,2019-11-21 15:05:59.381544
939,2019112101004710,NIB,47,43,106,420,44520.00,2019-11-21 15:05:59.381544
940,2019112101004711,SDESI,38,29,27,640,17280.00,2019-11-21 15:05:59.381544
941,2019112101004712,RHPL,57,38,40,163,6520.00,2019-11-21 15:05:59.381544
942,2019112101004713,MEGA,13,58,900,182,163800.00,2019-11-21 15:05:59.381544
943,2019112101004714,MEGA,13,17,104,182,18928.00,2019-11-21 15:05:59.381544
944,2019112101004715,AKBSL,58,57,10,423,4230.00,2019-11-21 15:05:59.381544
945,2019112101004716,AKBSL,58,17,10,423,4230.00,2019-11-21 15:05:59.381544
946,2019112101004717,SDESI,38,29,27,640,17280.00,2019-11-21 15:05:59.381544
947,2019112101004718,AKBSL,58,38,10,423,4230.00,2019-11-21 15:05:59.381544
948,2019112101004719,NMB,45,50,414,382,158148.00,2019-11-21 15:05:59.381544
949,2019112101004720,NMB,40,50,300,382,114600.00,2019-11-21 15:05:59.381544
950,2019112101004721,NMB,14,50,200,382,76400.00,2019-11-21 15:05:59.381544
951,2019112101004722,NMB,21,50,86,382,32852.00,2019-11-21 15:05:59.381544
952,2019112101004723,NICL,43,43,10,246,2460.00,2019-11-21 15:05:59.381544
953,2019112101004724,RHPL,57,38,40,163,6520.00,2019-11-21 15:05:59.381544
954,2019112101004725,SDESI,38,29,27,640,17280.00,2019-11-21 15:05:59.381544
955,2019112101004726,SABSL,39,44,20,479,9580.00,2019-11-21 15:05:59.381544
956,2019112101004727,SABSL,6,44,100,478,47800.00,2019-11-21 15:05:59.381544
957,2019112101004728,SABSL,8,44,180,477,85860.00,2019-11-21 15:05:59.381544
958,2019112101004729,SABSL,49,44,180,476,85680.00,2019-11-21 15:05:59.381544
959,2019112101004730,SABSL,17,44,20,476,9520.00,2019-11-21 15:05:59.381544
960,2019112101004731,SABSL,56,44,20,475,9500.00,2019-11-21 15:05:59.381544
961,2019112101004732,SABSL,19,44,100,475,47500.00,2019-11-21 15:05:59.381544
962,2019112101004733,SABSL,59,44,100,475,47500.00,2019-11-21 15:05:59.381544
963,2019112101004734,SABSL,6,44,10,475,4750.00,2019-11-21 15:05:59.381544
964,2019112101004735,SABSL,36,44,50,475,23750.00,2019-11-21 15:05:59.381544
965,2019112101004736,SJCL,41,38,20,154,3080.00,2019-11-21 15:05:59.381544
966,2019112101004737,SLICL,5,44,50,253,12650.00,2019-11-21 15:05:59.381544
967,2019112101004738,MPFL,18,49,170,100,17000.00,2019-11-21 15:05:59.381544
968,2019112101004739,TRH,51,55,100,260,26000.00,2019-11-21 15:05:59.381544
969,2019112101004740,NCCB,56,36,150,199,29850.00,2019-11-21 15:05:59.381544
970,2019112101004741,NBL,39,38,30,315,9450.00,2019-11-21 15:05:59.381544
971,2019112101004663,NBB,43,8,100,201,20100.00,2019-11-21 15:05:59.381544
972,2019112101004664,NBB,41,8,10,201,2010.00,2019-11-21 15:05:59.381544
973,2019112101004665,NBB,7,8,215,201,43215.00,2019-11-21 15:05:59.381544
974,2019112101004666,SCB,35,59,20,552,11040.00,2019-11-21 15:05:59.381544
975,2019112101004667,SCB,35,42,10,552,5520.00,2019-11-21 15:05:59.381544
976,2019112101004668,SANIMA,6,56,28,303,8484.00,2019-11-21 15:05:59.381544
977,2019112101004669,SANIMA,6,50,72,303,21816.00,2019-11-21 15:05:59.381544
978,2019112101004670,EBL,47,1,100,549,54900.00,2019-11-21 15:05:59.381544
979,2019112101004671,RLFL,26,22,10,108,1080.00,2019-11-21 15:05:59.381544
980,2019112101004672,LGIL,49,35,85,319,27115.00,2019-11-21 15:05:59.381544
981,2019112101004673,SLICL,42,58,50,251,12550.00,2019-11-21 15:05:59.381544
982,2019112101004674,API,46,41,20,103,2060.00,2019-11-21 15:05:59.381544
983,2019112101004675,GLBSL,13,38,10,398,3980.00,2019-11-21 15:05:59.381544
984,2019112101004676,SCB,29,1,50,550,27500.00,2019-11-21 15:05:59.381544
985,2019112101004677,RHPL,57,38,40,163,6520.00,2019-11-21 15:05:59.381544
986,2019112101004678,NMB,57,36,100,383,38300.00,2019-11-21 15:05:59.381544
987,2019112101004679,NMB,45,50,1000,382,382000.00,2019-11-21 15:05:59.381544
988,2019112101004680,SJCL,41,38,20,154,3080.00,2019-11-21 15:05:59.381544
989,2019112101004681,PIC,51,17,131,346,45326.00,2019-11-21 15:05:59.381544
990,2019112101004682,PIC,53,17,15,346,5190.00,2019-11-21 15:05:59.381544
991,2019112101004683,PIC,54,17,30,345,10350.00,2019-11-21 15:05:59.381544
992,2019112101004684,PIC,16,17,24,345,8280.00,2019-11-21 15:05:59.381544
993,2019112101004685,NLIC,5,8,31,787,24397.00,2019-11-21 15:05:59.381544
994,2019112101004686,NBB,7,43,1086,201,218286.00,2019-11-21 15:05:59.381544
995,2019112101004687,NBB,7,43,100,201,20100.00,2019-11-21 15:05:59.381544
996,2019112101004688,NBB,39,43,100,201,20100.00,2019-11-21 15:05:59.381544
997,2019112101004689,NBB,25,43,200,201,40200.00,2019-11-21 15:05:59.381544
998,2019112101004690,NBB,8,43,300,201,60300.00,2019-11-21 15:05:59.381544
999,2019112101004691,NBB,38,43,200,201,40200.00,2019-11-21 15:05:59.381544
1000,2019112101004692,NBB,45,43,227,201,45627.00,2019-11-21 15:05:59.381544
1001,2019112101004693,HIDCL,46,6,11,131,1441.00,2019-11-21 15:05:59.381544
1002,2019112101004694,NCCB,56,21,490,199,97510.00,2019-11-21 15:05:59.381544
1003,2019112101004695,UPPER,42,17,50,224,11200.00,2019-11-21 15:05:59.381544
1004,2019112101004696,LBBL,44,34,85,168,14280.00,2019-11-21 15:05:59.381544
1005,2019112101004697,TRH,17,36,500,261,130500.00,2019-11-21 15:05:59.381544
1006,2019112101004698,TRH,51,36,500,260,130000.00,2019-11-21 15:05:59.381544
1007,2019112101004699,NBL,10,58,1000,315,315000.00,2019-11-21 15:05:59.381544
1008,2019112101004700,NIL,53,32,80,376,30080.00,2019-11-21 15:05:59.381544
1009,2019112101004701,NIL,49,32,420,375,157500.00,2019-11-21 15:05:59.381544
1010,2019112101004702,SJCL,41,38,20,154,3080.00,2019-11-21 15:05:59.381544
1011,2019112101004627,UPCL,48,45,40,71,2840.00,2019-11-21 15:05:59.381544
1012,2019112101004628,NMB,5,36,50,383,19150.00,2019-11-21 15:05:59.381544
1013,2019112101004629,NCCB,56,36,385,199,76615.00,2019-11-21 15:05:59.381544
1014,2019112101004630,NCCB,56,36,1000,199,199000.00,2019-11-21 15:05:59.381544
1015,2019112101004631,NCCB,56,36,215,199,42785.00,2019-11-21 15:05:59.381544
1016,2019112101004632,SPARS,18,18,10,502,5020.00,2019-11-21 15:05:59.381544
1017,2019112101004633,CIT,50,7,32,1735,55520.00,2019-11-21 15:05:59.381544
1018,2019112101004634,CIT,11,7,25,1733,43325.00,2019-11-21 15:05:59.381544
1019,2019112101004635,CIT,56,7,50,1731,86550.00,2019-11-21 15:05:59.381544
1020,2019112101004636,CIT,25,7,50,1730,86500.00,2019-11-21 15:05:59.381544
1021,2019112101004637,CIT,41,7,43,1730,74390.00,2019-11-21 15:05:59.381544
1022,2019112101004638,KRBL,22,55,160,99,15840.00,2019-11-21 15:05:59.381544
1023,2019112101004639,CCBL,45,1,27,160,4320.00,2019-11-21 15:05:59.381544
1024,2019112101004640,CCBL,45,1,80,160,12800.00,2019-11-21 15:05:59.381544
1025,2019112101004641,UPPER,54,44,20,225,4500.00,2019-11-21 15:05:59.381544
1026,2019112101004642,CCBL,45,1,51,160,8160.00,2019-11-21 15:05:59.381544
1027,2019112101004643,SHIVM,57,20,100,408,40800.00,2019-11-21 15:05:59.381544
1028,2019112101004644,SHIVM,41,20,200,407,81400.00,2019-11-21 15:05:59.381544
1029,2019112101004645,CCBL,6,41,236,161,37996.00,2019-11-21 15:05:59.381544
1030,2019112101004646,CCBL,6,28,424,161,68264.00,2019-11-21 15:05:59.381544
1031,2019112101004647,CCBL,6,58,1140,161,183540.00,2019-11-21 15:05:59.381544
1032,2019112101004648,NICL,44,13,70,242,16940.00,2019-11-21 15:05:59.381544
1033,2019112101004649,NEF,48,32,7500,7.55,56625.00,2019-11-21 15:05:59.381544
1034,2019112101004650,SABSL,18,58,10,480,4800.00,2019-11-21 15:05:59.381544
1035,2019112101004651,GLICL,34,58,240,350,84000.00,2019-11-21 15:05:59.381544
1036,2019112101004652,NBL,5,38,50,315,15750.00,2019-11-21 15:05:59.381544
1037,2019112101004653,UPCL,48,17,100,71,7100.00,2019-11-21 15:05:59.381544
1038,2019112101004654,MNBBL,13,1,41,311,12751.00,2019-11-21 15:05:59.381544
1039,2019112101004655,CHCL,41,7,50,352,17600.00,2019-11-21 15:05:59.381544
1040,2019112101004656,CHCL,40,7,10,352,3520.00,2019-11-21 15:05:59.381544
1041,2019112101004657,CHCL,16,7,440,352,154880.00,2019-11-21 15:05:59.381544
1042,2019112101004658,LBBL,44,46,51,168,8568.00,2019-11-21 15:05:59.381544
1043,2019112101004659,CBL,39,38,1000,136,136000.00,2019-11-21 15:05:59.381544
1044,2019112101004660,PRVU,34,52,100,226,22600.00,2019-11-21 15:05:59.381544
1045,2019112101004661,NBB,55,8,40,201,8040.00,2019-11-21 15:05:59.381544
1046,2019112101004662,NBB,38,8,200,201,40200.00,2019-11-21 15:05:59.381544
1047,2019112101004594,MNBBL,14,39,100,312,31200.00,2019-11-21 15:05:59.381544
1048,2019112101004595,MNBBL,35,39,17,311,5287.00,2019-11-21 15:05:59.381544
1049,2019112101004596,MNBBL,56,39,35,311,10885.00,2019-11-21 15:05:59.381544
1050,2019112101004597,MNBBL,13,39,176,311,54736.00,2019-11-21 15:05:59.381544
1051,2019112101004598,SPARS,18,18,10,502,5020.00,2019-11-21 15:05:59.381544
1052,2019112101004599,NIB,16,44,2500,422,1055000.00,2019-11-21 15:05:59.381544
1053,2019112101004600,SDESI,14,38,100,641,64100.00,2019-11-21 15:05:59.381544
1054,2019112101004601,NIB,16,43,153,422,64566.00,2019-11-21 15:05:59.381544
1055,2019112101004602,NIL,53,37,599,376,225224.00,2019-11-21 15:05:59.381544
1056,2019112101004603,NCCB,56,46,385,199,76615.00,2019-11-21 15:05:59.381544
1057,2019112101004604,NCCB,56,46,615,199,122385.00,2019-11-21 15:05:59.381544
1058,2019112101004605,MBL,8,1,255,219,55845.00,2019-11-21 15:05:59.381544
1059,2019112101004606,SPARS,18,18,10,502,5020.00,2019-11-21 15:05:59.381544
1060,2019112101004607,NABIL,44,17,34,745,25330.00,2019-11-21 15:05:59.381544
1061,2019112101004608,NICL,25,13,200,242,48400.00,2019-11-21 15:05:59.381544
1062,2019112101004609,NIL,53,37,500,376,188000.00,2019-11-21 15:05:59.381544
1063,2019112101004610,GLBSL,13,38,10,398,3980.00,2019-11-21 15:05:59.381544
1064,2019112101004611,NTC,39,48,30,622,18660.00,2019-11-21 15:05:59.381544
1065,2019112101004612,NTC,6,48,270,621,167670.00,2019-11-21 15:05:59.381544
1066,2019112101004613,SPARS,18,18,10,502,5020.00,2019-11-21 15:05:59.381544
1067,2019112101004614,RHPL,57,38,40,163,6520.00,2019-11-21 15:05:59.381544
1068,2019112101004615,EBL,29,1,33,549,18117.00,2019-11-21 15:05:59.381544
1069,2019112101004616,RHPL,17,17,40,164,6560.00,2019-11-21 15:05:59.381544
1070,2019112101004617,EBL,29,46,43,549,23607.00,2019-11-21 15:05:59.381544
1071,2019112101004618,SDESI,38,29,99,640,63360.00,2019-11-21 15:05:59.381544
1072,2019112101004619,LGIL,49,39,50,319,15950.00,2019-11-21 15:05:59.381544
1073,2019112101004620,SJCL,41,38,20,154,3080.00,2019-11-21 15:05:59.381544
1074,2019112101004621,RMDC,22,33,110,593,65230.00,2019-11-21 15:05:59.381544
1075,2019112101004622,RMDC,37,33,350,593,207550.00,2019-11-21 15:05:59.381544
1076,2019112101004623,RMDC,28,33,40,590,23600.00,2019-11-21 15:05:59.381544
1077,2019112101004624,LBBL,43,6,200,168,33600.00,2019-11-21 15:05:59.381544
1078,2019112101004625,LBBL,8,6,1000,168,168000.00,2019-11-21 15:05:59.381544
1079,2019112101004626,LBBL,44,6,598,168,100464.00,2019-11-21 15:05:59.381544
1080,2019112101004560,UPPER,44,44,1000,225,225000.00,2019-11-21 15:05:59.381544
1081,2019112101004561,EDBL,53,57,100,273,27300.00,2019-11-21 15:05:59.381544
1082,2019112101004562,RHPL,57,38,40,163,6520.00,2019-11-21 15:05:59.381544
1083,2019112101004563,GMFBS,25,33,10,481,4810.00,2019-11-21 15:05:59.381544
1084,2019112101004564,GMFBS,14,33,15,481,7215.00,2019-11-21 15:05:59.381544
1085,2019112101004565,GMFBS,40,33,50,476,23800.00,2019-11-21 15:05:59.381544
1086,2019112101004566,GMFBS,59,33,50,475,23750.00,2019-11-21 15:05:59.381544
1087,2019112101004567,GMFBS,46,33,50,473,23650.00,2019-11-21 15:05:59.381544
1088,2019112101004568,SJCL,34,38,20,154,3080.00,2019-11-21 15:05:59.381544
1089,2019112101004569,KBL,37,44,20,177,3540.00,2019-11-21 15:05:59.381544
1090,2019112101004570,NLIC,56,39,132,786,103752.00,2019-11-21 15:05:59.381544
1091,2019112101004571,CCBL,45,33,685,160,109600.00,2019-11-21 15:05:59.381544
1092,2019112101004572,CCBL,45,39,188,160,30080.00,2019-11-21 15:05:59.381544
1093,2019112101004573,CCBL,45,57,100,160,16000.00,2019-11-21 15:05:59.381544
1094,2019112101004574,SHL,41,37,200,210,42000.00,2019-11-21 15:05:59.381544
1095,2019112101004575,NTC,8,19,20,623,12460.00,2019-11-21 15:05:59.381544
1096,2019112101004576,PCBL,34,58,1000,275,275000.00,2019-11-21 15:05:59.381544
1097,2019112101004577,CZBIL,8,17,350,183,64050.00,2019-11-21 15:05:59.381544
1098,2019112101004578,CZBIL,8,44,150,183,27450.00,2019-11-21 15:05:59.381544
1099,2019112101004579,KRBL,22,34,200,99,19800.00,2019-11-21 15:05:59.381544
1100,2019112101004580,CIT,56,28,50,1735,86750.00,2019-11-21 15:05:59.381544
1101,2019112101004581,CIT,50,28,18,1735,31230.00,2019-11-21 15:05:59.381544
1102,2019112101004582,JSLBB,38,41,10,1152,11520.00,2019-11-21 15:05:59.381544
1103,2019112101004583,JSLBB,38,32,15,1152,17280.00,2019-11-21 15:05:59.381544
1104,2019112101004584,SBL,51,46,77,281,21637.00,2019-11-21 15:05:59.381544
1105,2019112101004585,SBL,28,46,200,281,56200.00,2019-11-21 15:05:59.381544
1106,2019112101004586,SBI,25,8,1400,381,533400.00,2019-11-21 15:05:59.381544
1107,2019112101004587,HIDCL,19,36,17,130,2210.00,2019-11-21 15:05:59.381544
1108,2019112101004588,HIDCL,22,36,500,130,65000.00,2019-11-21 15:05:59.381544
1109,2019112101004589,HIDCL,22,36,500,130,65000.00,2019-11-21 15:05:59.381544
1110,2019112101004590,NCCB,56,59,385,199,76615.00,2019-11-21 15:05:59.381544
1111,2019112101004591,NCCB,56,59,615,199,122385.00,2019-11-21 15:05:59.381544
1112,2019112101004592,API,25,41,20,103,2060.00,2019-11-21 15:05:59.381544
1113,2019112101004593,SABSL,18,32,10,480,4800.00,2019-11-21 15:05:59.381544
1114,2019112101004534,KBL,37,32,20,177,3540.00,2019-11-21 15:05:59.381544
1115,2019112101004535,GLBSL,41,41,10,402,4020.00,2019-11-21 15:05:59.381544
1116,2019112101004536,NABIL,49,17,20,745,14900.00,2019-11-21 15:05:59.381544
1117,2019112101004537,MNBBL,45,50,58,313,18154.00,2019-11-21 15:05:59.381544
1118,2019112101004538,MNBBL,45,39,42,313,13146.00,2019-11-21 15:05:59.381544
1119,2019112101004539,GBLBS,22,7,105,288,30240.00,2019-11-21 15:05:59.381544
1120,2019112101004540,GBLBS,42,7,92,288,26496.00,2019-11-21 15:05:59.381544
1121,2019112101004541,SHIVM,41,34,50,407,20350.00,2019-11-21 15:05:59.381544
1122,2019112101004542,KBL,8,32,300,176,52800.00,2019-11-21 15:05:59.381544
1123,2019112101004543,KBL,47,32,100,176,17600.00,2019-11-21 15:05:59.381544
1124,2019112101004544,KBL,44,32,260,176,45760.00,2019-11-21 15:05:59.381544
1125,2019112101004545,GMFBS,41,41,10,484,4840.00,2019-11-21 15:05:59.381544
1126,2019112101004546,HDL,26,38,20,1754,35080.00,2019-11-21 15:05:59.381544
1127,2019112101004547,CBBL,57,33,30,966,28980.00,2019-11-21 15:05:59.381544
1128,2019112101004548,CBBL,48,33,42,965,40530.00,2019-11-21 15:05:59.381544
1129,2019112101004549,CBBL,28,33,100,961,96100.00,2019-11-21 15:05:59.381544
1130,2019112101004550,CBBL,22,33,203,961,195083.00,2019-11-21 15:05:59.381544
1131,2019112101004551,UPPER,14,44,110,225,24750.00,2019-11-21 15:05:59.381544
1132,2019112101004552,ILBS,41,41,10,471,4710.00,2019-11-21 15:05:59.381544
1133,2019112101004553,CCBL,14,5,173,159,27507.00,2019-11-21 15:05:59.381544
1134,2019112101004554,LGIL,49,35,24561,325,7982325.00,2019-11-21 15:05:59.381544
1135,2019112101004555,SHIVM,41,34,50,407,20350.00,2019-11-21 15:05:59.381544
1136,2019112101004556,JSLBB,38,41,60,1152,69120.00,2019-11-21 15:05:59.381544
1137,2019112101004557,KBL,37,44,20,177,3540.00,2019-11-21 15:05:59.381544
1138,2019112101004558,CBL,39,5,348,136,47328.00,2019-11-21 15:05:59.381544
1139,2019112101004559,SHIVM,41,52,50,407,20350.00,2019-11-21 15:05:59.381544
1140,2019112101004513,CZBIL,45,5,97,182,17654.00,2019-11-21 15:05:59.381544
1141,2019112101004514,LBL,25,25,83,215,17845.00,2019-11-21 15:05:59.381544
1142,2019112101004515,LBL,43,25,367,215,78905.00,2019-11-21 15:05:59.381544
1143,2019112101004516,SHIVM,25,34,50,407,20350.00,2019-11-21 15:05:59.381544
1144,2019112101004517,NBL,49,57,247,315,77805.00,2019-11-21 15:05:59.381544
1145,2019112101004518,NMB,19,36,14,383,5362.00,2019-11-21 15:05:59.381544
1146,2019112101004519,KBL,37,32,20,177,3540.00,2019-11-21 15:05:59.381544
1147,2019112101004520,CBL,39,39,198,136,26928.00,2019-11-21 15:05:59.381544
1148,2019112101004521,LGIL,49,48,50,317,15850.00,2019-11-21 15:05:59.381544
1149,2019112101004522,LGIL,49,44,315,318,100170.00,2019-11-21 15:05:59.381544
1150,2019112101004523,NLIC,6,17,22,785,17270.00,2019-11-21 15:05:59.381544
1151,2019112101004524,NLIC,36,57,11,786,8646.00,2019-11-21 15:05:59.381544
1152,2019112101004525,NIB,28,46,225,421,94725.00,2019-11-21 15:05:59.381544
1153,2019112101004526,NIB,52,46,80,421,33680.00,2019-11-21 15:05:59.381544
1154,2019112101004527,CIT,47,44,20,1740,34800.00,2019-11-21 15:05:59.381544
1155,2019112101004528,SHIVM,41,34,50,407,20350.00,2019-11-21 15:05:59.381544
1156,2019112101004529,LGIL,49,51,53,319,16907.00,2019-11-21 15:05:59.381544
1157,2019112101004530,LGIL,49,17,120,320,38400.00,2019-11-21 15:05:59.381544
1158,2019112101004531,LGIL,49,47,160,321,51360.00,2019-11-21 15:05:59.381544
1159,2019112101004532,NLIC,6,57,11,785,8635.00,2019-11-21 15:05:59.381544
1160,2019112101004533,LBL,35,42,50,216,10800.00,2019-11-21 15:05:59.381544
1161,2019112101004473,SPARS,45,18,10,511,5110.00,2019-11-21 15:05:59.381544
1162,2019112101004474,SHIVM,22,45,100,407,40700.00,2019-11-21 15:05:59.381544
1163,2019112101004475,SHIVM,50,45,50,407,20350.00,2019-11-21 15:05:59.381544
1164,2019112101004476,RHPC,17,41,1923,72,138456.00,2019-11-21 15:05:59.381544
1165,2019112101004477,SPARS,45,18,10,511,5110.00,2019-11-21 15:05:59.381544
1166,2019112101004478,DBBL,45,57,190,122,23180.00,2019-11-21 15:05:59.381544
1167,2019112101004479,RHPL,54,34,160,164,26240.00,2019-11-21 15:05:59.381544
1168,2019112101004480,MNBBL,41,50,10,314,3140.00,2019-11-21 15:05:59.381544
1169,2019112101004481,MNBBL,49,50,50,313,15650.00,2019-11-21 15:05:59.381544
1170,2019112101004482,LGIL,49,46,429,312,133848.00,2019-11-21 15:05:59.381544
1171,2019112101004483,RSDC,45,45,1,280,280.00,2019-11-21 15:05:59.381544
1172,2019112101004484,SPARS,45,18,10,511,5110.00,2019-11-21 15:05:59.381544
1173,2019112101004485,GBBL,7,49,79,224,17696.00,2019-11-21 15:05:59.381544
1174,2019112101004486,AKPL,45,57,10,114,1140.00,2019-11-21 15:05:59.381544
1175,2019112101004487,NMB,45,14,86,382,32852.00,2019-11-21 15:05:59.381544
1176,2019112101004488,NMB,45,45,300,382,114600.00,2019-11-21 15:05:59.381544
1177,2019112101004489,MBL,28,5,68,218,14824.00,2019-11-21 15:05:59.381544
1178,2019112101004490,RHPL,57,38,40,163,6520.00,2019-11-21 15:05:59.381544
1179,2019112101004491,CCBL,38,58,700,160,112000.00,2019-11-21 15:05:59.381544
1180,2019112101004492,CCBL,59,58,200,160,32000.00,2019-11-21 15:05:59.381544
1181,2019112101004493,CCBL,34,58,500,160,80000.00,2019-11-21 15:05:59.381544
1182,2019112101004494,CCBL,51,58,200,160,32000.00,2019-11-21 15:05:59.381544
1183,2019112101004495,CCBL,21,58,100,160,16000.00,2019-11-21 15:05:59.381544
1184,2019112101004496,CCBL,16,58,1000,160,160000.00,2019-11-21 15:05:59.381544
1185,2019112101004497,CCBL,32,58,200,160,32000.00,2019-11-21 15:05:59.381544
1186,2019112101004498,CCBL,26,58,10,160,1600.00,2019-11-21 15:05:59.381544
1187,2019112101004499,SPARS,45,18,10,511,5110.00,2019-11-21 15:05:59.381544
1188,2019112101004500,NABIL,44,17,100,743,74300.00,2019-11-21 15:05:59.381544
1189,2019112101004501,NLBBL,50,44,82,497,40754.00,2019-11-21 15:05:59.381544
1190,2019112101004502,SHIVM,56,45,250,407,101750.00,2019-11-21 15:05:59.381544
1191,2019112101004503,SHIVM,56,34,50,407,20350.00,2019-11-21 15:05:59.381544
1192,2019112101004504,SLICL,19,22,85,252,21420.00,2019-11-21 15:05:59.381544
1193,2019112101004505,SLICL,47,22,200,252,50400.00,2019-11-21 15:05:59.381544
1194,2019112101004506,NABIL,55,17,200,743,148600.00,2019-11-21 15:05:59.381544
1195,2019112101004507,NABIL,44,17,50,742,37100.00,2019-11-21 15:05:59.381544
1196,2019112101004508,NABIL,19,17,100,742,74200.00,2019-11-21 15:05:59.381544
1197,2019112101004509,NABIL,55,17,400,742,296800.00,2019-11-21 15:05:59.381544
1198,2019112101004510,NABIL,41,17,14,742,10388.00,2019-11-21 15:05:59.381544
1199,2019112101004511,NABIL,14,17,65,742,48230.00,2019-11-21 15:05:59.381544
1200,2019112101004512,SHIVM,25,58,20,406,8120.00,2019-11-21 15:05:59.381544
1201,2019112101004441,NBL,10,42,500,315,157500.00,2019-11-21 15:05:59.381544
1202,2019112101004442,BPCL,43,33,22,345,7590.00,2019-11-21 15:05:59.381544
1203,2019112101004443,AKBSL,58,38,10,423,4230.00,2019-11-21 15:05:59.381544
1204,2019112101004444,DDBL,47,11,20,725,14500.00,2019-11-21 15:05:59.381544
1205,2019112101004445,NBL,10,57,233,315,73395.00,2019-11-21 15:05:59.381544
1206,2019112101004446,NBL,11,57,20,315,6300.00,2019-11-21 15:05:59.381544
1207,2019112101004447,CBBL,57,7,20,966,19320.00,2019-11-21 15:05:59.381544
1208,2019112101004448,SJCL,29,17,10,154,1540.00,2019-11-21 15:05:59.381544
1209,2019112101004449,SJCL,34,38,20,154,3080.00,2019-11-21 15:05:59.381544
1210,2019112101004450,SJCL,34,38,20,154,3080.00,2019-11-21 15:05:59.381544
1211,2019112101004451,RHPL,54,38,40,164,6560.00,2019-11-21 15:05:59.381544
1212,2019112101004452,NICL,1,13,100,242,24200.00,2019-11-21 15:05:59.381544
1213,2019112101004453,MERO,19,36,20,416,8320.00,2019-11-21 15:05:59.381544
1214,2019112101004454,MERO,28,36,100,416,41600.00,2019-11-21 15:05:59.381544
1215,2019112101004455,MERO,38,36,10,415,4150.00,2019-11-21 15:05:59.381544
1216,2019112101004456,MERO,42,36,50,415,20750.00,2019-11-21 15:05:59.381544
1217,2019112101004457,MERO,51,36,125,415,51875.00,2019-11-21 15:05:59.381544
1218,2019112101004458,MERO,39,36,30,415,12450.00,2019-11-21 15:05:59.381544
1219,2019112101004459,SJCL,34,38,20,154,3080.00,2019-11-21 15:05:59.381544
1220,2019112101004460,LGIL,49,46,571,312,178152.00,2019-11-21 15:05:59.381544
1221,2019112101004461,NMB,6,5,119,381,45339.00,2019-11-21 15:05:59.381544
1222,2019112101004462,NIL,53,22,150,376,56400.00,2019-11-21 15:05:59.381544
1223,2019112101004463,SPARS,45,18,10,511,5110.00,2019-11-21 15:05:59.381544
1224,2019112101004464,SJCL,34,38,20,154,3080.00,2019-11-21 15:05:59.381544
1225,2019112101004465,SADBL,40,36,1356,136,184416.00,2019-11-21 15:05:59.381544
1226,2019112101004466,RHPL,54,17,30,164,4920.00,2019-11-21 15:05:59.381544
1227,2019112101004467,UPPER,13,44,350,225,78750.00,2019-11-21 15:05:59.381544
1228,2019112101004468,OHL,7,45,255,408,104040.00,2019-11-21 15:05:59.381544
1229,2019112101004469,SCB,52,50,115,555,63825.00,2019-11-21 15:05:59.381544
1230,2019112101004470,SMFBS,28,7,10,780,7800.00,2019-11-21 15:05:59.381544
1231,2019112101004471,LICN,35,25,11,954,10494.00,2019-11-21 15:05:59.381544
1232,2019112101004472,CCBL,38,7,1000,160,160000.00,2019-11-21 15:05:59.381544
1233,2019112101004397,SMFDB,52,49,50,502,25100.00,2019-11-21 15:05:59.381544
1234,2019112101004398,SMFDB,58,49,50,501,25050.00,2019-11-21 15:05:59.381544
1235,2019112101004399,CBBL,1,58,10,967,9670.00,2019-11-21 15:05:59.381544
1236,2019112101004400,ADBL,32,33,276,411,113436.00,2019-11-21 15:05:59.381544
1237,2019112101004401,ADBL,52,33,155,411,63705.00,2019-11-21 15:05:59.381544
1238,2019112101004402,ADBL,52,33,80,410,32800.00,2019-11-21 15:05:59.381544
1239,2019112101004403,ADBL,45,33,100,410,41000.00,2019-11-21 15:05:59.381544
1240,2019112101004404,ADBL,39,33,200,410,82000.00,2019-11-21 15:05:59.381544
1241,2019112101004405,ADBL,25,33,50,410,20500.00,2019-11-21 15:05:59.381544
1242,2019112101004406,ADBL,40,33,200,410,82000.00,2019-11-21 15:05:59.381544
1243,2019112101004407,ADBL,35,33,100,410,41000.00,2019-11-21 15:05:59.381544
1244,2019112101004408,ADBL,43,33,50,410,20500.00,2019-11-21 15:05:59.381544
1245,2019112101004409,ADBL,32,33,500,410,205000.00,2019-11-21 15:05:59.381544
1246,2019112101004410,ADBL,46,33,25,410,10250.00,2019-11-21 15:05:59.381544
1247,2019112101004411,ADBL,39,33,410,410,168100.00,2019-11-21 15:05:59.381544
1248,2019112101004412,ADBL,34,33,100,409,40900.00,2019-11-21 15:05:59.381544
1249,2019112101004413,ADBL,43,33,50,408,20400.00,2019-11-21 15:05:59.381544
1250,2019112101004414,ADBL,42,33,335,408,136680.00,2019-11-21 15:05:59.381544
1251,2019112101004415,SIC,22,36,17,440,7480.00,2019-11-21 15:05:59.381544
1252,2019112101004416,DBBL,45,56,10,122,1220.00,2019-11-21 15:05:59.381544
1253,2019112101004417,RHPL,54,51,40,164,6560.00,2019-11-21 15:05:59.381544
1254,2019112101004418,SHIVM,47,45,100,407,40700.00,2019-11-21 15:05:59.381544
1255,2019112101004419,SHIVM,8,45,10,407,4070.00,2019-11-21 15:05:59.381544
1256,2019112101004420,SHIVM,22,45,100,407,40700.00,2019-11-21 15:05:59.381544
1257,2019112101004421,AKBSL,14,14,10,424,4240.00,2019-11-21 15:05:59.381544
1258,2019112101004422,CBBL,47,58,20,967,19340.00,2019-11-21 15:05:59.381544
1259,2019112101004423,GMFBS,53,39,105,482,50610.00,2019-11-21 15:05:59.381544
1260,2019112101004424,SJCL,29,51,20,154,3080.00,2019-11-21 15:05:59.381544
1261,2019112101004425,SMFDB,58,49,30,501,15030.00,2019-11-21 15:05:59.381544
1262,2019112101004426,RHPL,54,38,40,164,6560.00,2019-11-21 15:05:59.381544
1263,2019112101004427,MLBL,52,8,56,174,9744.00,2019-11-21 15:05:59.381544
1264,2019112101004428,MLBL,52,34,44,175,7700.00,2019-11-21 15:05:59.381544
1265,2019112101004429,SHL,21,32,300,209,62700.00,2019-11-21 15:05:59.381544
1266,2019112101004430,SHL,14,32,400,209,83600.00,2019-11-21 15:05:59.381544
1267,2019112101004431,SHL,22,32,300,209,62700.00,2019-11-21 15:05:59.381544
1268,2019112101004432,NTC,6,55,1140,622,709080.00,2019-11-21 15:05:59.381544
1269,2019112101004433,SHIVM,59,45,240,406,97440.00,2019-11-21 15:05:59.381544
1270,2019112101004434,SHIVM,48,45,600,406,243600.00,2019-11-21 15:05:59.381544
1271,2019112101004435,SHIVM,25,45,50,406,20300.00,2019-11-21 15:05:59.381544
1272,2019112101004436,SHIVM,1,45,200,406,81200.00,2019-11-21 15:05:59.381544
1273,2019112101004437,NBL,10,56,150,315,47250.00,2019-11-21 15:05:59.381544
1274,2019112101004438,CBBL,57,8,10,966,9660.00,2019-11-21 15:05:59.381544
1275,2019112101004439,RHPL,54,38,40,164,6560.00,2019-11-21 15:05:59.381544
1276,2019112101004440,SHIVM,33,53,1000,405,405000.00,2019-11-21 15:05:59.381544
1277,2019112101004367,MEGA,49,58,100,182,18200.00,2019-11-21 15:05:59.381544
1278,2019112101004368,GGBSL,18,39,10,633,6330.00,2019-11-21 15:05:59.381544
1279,2019112101004369,CCBL,45,7,700,160,112000.00,2019-11-21 15:05:59.381544
1280,2019112101004370,CCBL,51,7,300,160,48000.00,2019-11-21 15:05:59.381544
1281,2019112101004371,HIDCL,8,21,16,130,2080.00,2019-11-21 15:05:59.381544
1282,2019112101004372,VLBS,1,17,10,585,5850.00,2019-11-21 15:05:59.381544
1283,2019112101004373,NIL,53,7,50,376,18800.00,2019-11-21 15:05:59.381544
1284,2019112101004374,GGBSL,18,35,10,633,6330.00,2019-11-21 15:05:59.381544
1285,2019112101004375,CCBL,51,28,200,160,32000.00,2019-11-21 15:05:59.381544
1286,2019112101004376,CCBL,38,28,300,160,48000.00,2019-11-21 15:05:59.381544
1287,2019112101004377,GGBSL,18,39,10,633,6330.00,2019-11-21 15:05:59.381544
1288,2019112101004378,MBL,42,1,50,219,10950.00,2019-11-21 15:05:59.381544
1289,2019112101004379,API,38,56,90,102,9180.00,2019-11-21 15:05:59.381544
1290,2019112101004380,API,38,56,50,102,5100.00,2019-11-21 15:05:59.381544
1291,2019112101004381,API,39,56,200,102,20400.00,2019-11-21 15:05:59.381544
1292,2019112101004382,API,43,56,100,101,10100.00,2019-11-21 15:05:59.381544
1293,2019112101004383,API,37,56,100,101,10100.00,2019-11-21 15:05:59.381544
1294,2019112101004384,API,53,56,100,101,10100.00,2019-11-21 15:05:59.381544
1295,2019112101004385,API,7,56,360,101,36360.00,2019-11-21 15:05:59.381544
1296,2019112101004386,NMB,38,14,500,382,191000.00,2019-11-21 15:05:59.381544
1297,2019112101004387,HIDCL,8,36,717,130,93210.00,2019-11-21 15:05:59.381544
1298,2019112101004388,HIDCL,19,36,283,130,36790.00,2019-11-21 15:05:59.381544
1299,2019112101004389,VLBS,29,17,100,580,58000.00,2019-11-21 15:05:59.381544
1300,2019112101004390,RHPL,54,43,140,164,22960.00,2019-11-21 15:05:59.381544
1301,2019112101004391,KKHC,33,21,10,51,510.00,2019-11-21 15:05:59.381544
1302,2019112101004392,NICL,53,34,420,242,101640.00,2019-11-21 15:05:59.381544
1303,2019112101004393,NICL,53,13,80,242,19360.00,2019-11-21 15:05:59.381544
1304,2019112101004394,GMFBS,13,39,110,483,53130.00,2019-11-21 15:05:59.381544
1305,2019112101004395,NIB,49,19,40,423,16920.00,2019-11-21 15:05:59.381544
1306,2019112101004396,GLICL,34,21,10,350,3500.00,2019-11-21 15:05:59.381544
1307,2019112101004335,NBL,10,34,120,315,37800.00,2019-11-21 15:05:59.381544
1308,2019112101004336,NICA,46,28,120,401,48120.00,2019-11-21 15:05:59.381544
1309,2019112101004337,NICL,37,34,300,243,72900.00,2019-11-21 15:05:59.381544
1310,2019112101004338,NICL,32,34,100,243,24300.00,2019-11-21 15:05:59.381544
1311,2019112101004339,NICL,49,34,500,243,121500.00,2019-11-21 15:05:59.381544
1312,2019112101004340,NICL,43,34,50,242,12100.00,2019-11-21 15:05:59.381544
1313,2019112101004341,CIT,56,17,10,1740,17400.00,2019-11-21 15:05:59.381544
1314,2019112101004342,JOSHI,19,6,20,61,1220.00,2019-11-21 15:05:59.381544
1315,2019112101004343,ADBL,51,41,31,412,12772.00,2019-11-21 15:05:59.381544
1316,2019112101004344,ADBL,49,41,100,411,41100.00,2019-11-21 15:05:59.381544
1317,2019112101004345,ADBL,32,41,224,411,92064.00,2019-11-21 15:05:59.381544
1318,2019112101004346,GLBSL,6,45,10,399,3990.00,2019-11-21 15:05:59.381544
1319,2019112101004347,LLBS,37,37,24,652,15648.00,2019-11-21 15:05:59.381544
1320,2019112101004348,NMB,34,14,100,382,38200.00,2019-11-21 15:05:59.381544
1321,2019112101004349,CZBIL,45,17,100,182,18200.00,2019-11-21 15:05:59.381544
1322,2019112101004350,PCBL,6,22,15,274,4110.00,2019-11-21 15:05:59.381544
1323,2019112101004351,SHIVM,35,20,50,407,20350.00,2019-11-21 15:05:59.381544
1324,2019112101004352,SHIVM,49,20,50,407,20350.00,2019-11-21 15:05:59.381544
1325,2019112101004353,SHIVM,32,20,760,407,309320.00,2019-11-21 15:05:59.381544
1326,2019112101004354,SHIVM,35,20,80,406,32480.00,2019-11-21 15:05:59.381544
