S.N,Contract_No,Stock_Symbol,Buyer_Broker,Seller_Broker,Quantity,Rate,Amount,Date
1,2019102201003164,GMFBS,32,7,190,447,84930.00,2019-10-22 15:04:48.621725
2,2019102201003165,GMFBS,32,7,210,447,93870.00,2019-10-22 15:04:48.621725
3,2019102201003166,GMFBS,57,7,10,447,4470.00,2019-10-22 15:04:48.621725
4,2019102201003167,NMFBS,49,44,23,1696,39008.00,2019-10-22 15:04:48.621725
5,2019102201003168,EBL,28,58,180,545,98100.00,2019-10-22 15:04:48.621725
6,2019102201003169,EBL,28,43,400,546,218400.00,2019-10-22 15:04:48.621725
7,2019102201003170,HBL,14,45,78,490,38220.00,2019-10-22 15:04:48.621725
8,2019102201003171,NBB,25,42,134,210,28140.00,2019-10-22 15:04:48.621725
9,2019102201003172,RHPL,19,48,20,170,3400.00,2019-10-22 15:04:48.621725
10,2019102201003173,GBBL,39,4,20,211,4220.00,2019-10-22 15:04:48.621725
11,2019102201003174,NIL,52,55,90,355,31950.00,2019-10-22 15:04:48.621725
12,2019102201003175,NIL,11,55,30,354,10620.00,2019-10-22 15:04:48.621725
13,2019102201003176,NIL,45,55,300,354,106200.00,2019-10-22 15:04:48.621725
14,2019102201003177,NIL,52,55,500,353,176500.00,2019-10-22 15:04:48.621725
15,2019102201003178,NIL,51,55,29,352,10208.00,2019-10-22 15:04:48.621725
16,2019102201003179,NIL,49,55,51,352,17952.00,2019-10-22 15:04:48.621725
17,2019102201003180,NIL,14,55,20,352,7040.00,2019-10-22 15:04:48.621725
18,2019102201003181,NIL,36,55,100,352,35200.00,2019-10-22 15:04:48.621725
19,2019102201003182,NIL,32,55,120,351,42120.00,2019-10-22 15:04:48.621725
20,2019102201003183,NIL,25,55,47,351,16497.00,2019-10-22 15:04:48.621725
21,2019102201003184,UPPER,58,33,412,236,97232.00,2019-10-22 15:04:48.621725
22,2019102201003185,CEFL,52,52,10,111,1110.00,2019-10-22 15:04:48.621725
23,2019102201003186,SHL,11,57,100,207,20700.00,2019-10-22 15:04:48.621725
24,2019102201003187,SHL,39,57,200,207,41400.00,2019-10-22 15:04:48.621725
25,2019102201003188,SHL,34,57,155,207,32085.00,2019-10-22 15:04:48.621725
26,2019102201003189,SHL,51,57,100,207,20700.00,2019-10-22 15:04:48.621725
27,2019102201003190,SHL,28,57,200,207,41400.00,2019-10-22 15:04:48.621725
28,2019102201003191,SHL,58,57,140,207,28980.00,2019-10-22 15:04:48.621725
29,2019102201003192,NBB,41,33,500,211,105500.00,2019-10-22 15:04:48.621725
30,2019102201003193,PCBL,53,53,10,267,2670.00,2019-10-22 15:04:48.621725
31,2019102201003194,CZBIL,40,48,50,196,9800.00,2019-10-22 15:04:48.621725
32,2019102201003195,NIB,29,42,23,441,10143.00,2019-10-22 15:04:48.621725
33,2019102201003196,SBL,33,6,81,289,23409.00,2019-10-22 15:04:48.621725
34,2019102201003197,SBL,26,6,60,288,17280.00,2019-10-22 15:04:48.621725
35,2019102201003198,SBL,33,6,38,288,10944.00,2019-10-22 15:04:48.621725
36,2019102201003199,PRVU,58,52,500,264,132000.00,2019-10-22 15:04:48.621725
37,2019102201003200,SJCL,55,28,10,168,1680.00,2019-10-22 15:04:48.621725
38,2019102201003201,LBL,34,42,30,217,6510.00,2019-10-22 15:04:48.621725
39,2019102201003202,HBL,43,45,10,494,4940.00,2019-10-22 15:04:48.621725
40,2019102201003203,SHIVM,34,50,300,484,145200.00,2019-10-22 15:04:48.621725
41,2019102201003204,RHPL,19,42,10,169,1690.00,2019-10-22 15:04:48.621725
42,2019102201003205,GLICL,25,54,340,359,122060.00,2019-10-22 15:04:48.621725
43,2019102201003206,PRVU,58,45,500,264,132000.00,2019-10-22 15:04:48.621725
44,2019102201003207,NICA,35,55,698,390,272220.00,2019-10-22 15:04:48.621725
45,2019102201003208,NICA,35,43,150,390,58500.00,2019-10-22 15:04:48.621725
46,2019102201003209,MBL,14,48,124,225,27900.00,2019-10-22 15:04:48.621725
47,2019102201003210,MBL,14,42,76,226,17176.00,2019-10-22 15:04:48.621725
48,2019102201003211,GLBSL,32,7,10,420,4200.00,2019-10-22 15:04:48.621725
49,2019102201003212,SJCL,55,42,10,168,1680.00,2019-10-22 15:04:48.621725
50,2019102201003213,ADBL,21,57,17,411,6987.00,2019-10-22 15:04:48.621725
51,2019102201003214,ADBL,6,57,483,411,198513.00,2019-10-22 15:04:48.621725
52,2019102201003215,NICA,46,8,13,391,5083.00,2019-10-22 15:04:48.621725
53,2019102201003216,SJCL,10,32,10,170,1700.00,2019-10-22 15:04:48.621725
54,2019102201003217,UPPER,19,26,50,235,11750.00,2019-10-22 15:04:48.621725
55,2019102201003218,NMBMF,44,44,6,1069,6414.00,2019-10-22 15:04:48.621725
56,2019102201003219,NHPC,56,47,25,53,1325.00,2019-10-22 15:04:48.621725
57,2019102201003220,NHPC,6,47,1000,53,53000.00,2019-10-22 15:04:48.621725
58,2019102201003221,PRVU,38,45,200,264,52800.00,2019-10-22 15:04:48.621725
59,2019102201003222,SPARS,58,42,10,519,5190.00,2019-10-22 15:04:48.621725
60,2019102201003223,CCBL,34,6,323,152,49096.00,2019-10-22 15:04:48.621725
61,2019102201003224,CCBL,6,6,60,152,9120.00,2019-10-22 15:04:48.621725
62,2019102201003225,CCBL,45,6,97,152,14744.00,2019-10-22 15:04:48.621725
63,2019102201003226,SABSL,57,28,10,448,4480.00,2019-10-22 15:04:48.621725
64,2019102201003227,EBL,28,58,120,546,65520.00,2019-10-22 15:04:48.621725
65,2019102201003228,EBL,42,58,239,546,130494.00,2019-10-22 15:04:48.621725
66,2019102201003229,SHIVM,48,38,10,485,4850.00,2019-10-22 15:04:48.621725
67,2019102201003230,NBL,33,59,10,319,3190.00,2019-10-22 15:04:48.621725
68,2019102201003231,NMBMF,45,34,30,1090,32700.00,2019-10-22 15:04:48.621725
69,2019102201003232,NMBMF,45,34,50,1090,54500.00,2019-10-22 15:04:48.621725
70,2019102201003233,NMBMF,40,34,20,1090,21800.00,2019-10-22 15:04:48.621725
71,2019102201003234,RHPL,19,57,40,169,6760.00,2019-10-22 15:04:48.621725
72,2019102201003235,SHL,39,57,226,206,46556.00,2019-10-22 15:04:48.621725
73,2019102201003120,BPCL,33,28,33,358,11814.00,2019-10-22 15:04:48.621725
74,2019102201003121,BPCL,33,26,17,365,6205.00,2019-10-22 15:04:48.621725
75,2019102201003122,NBB,25,33,100,211,21100.00,2019-10-22 15:04:48.621725
76,2019102201003123,GMFBS,32,42,10,447,4470.00,2019-10-22 15:04:48.621725
77,2019102201003124,RHPL,56,42,40,168,6720.00,2019-10-22 15:04:48.621725
78,2019102201003125,SIC,18,35,50,471,23550.00,2019-10-22 15:04:48.621725
79,2019102201003126,SIC,41,35,150,471,70650.00,2019-10-22 15:04:48.621725
80,2019102201003127,SHIVM,45,50,500,482,241000.00,2019-10-22 15:04:48.621725
81,2019102201003128,SHIVM,42,50,200,482,96400.00,2019-10-22 15:04:48.621725
82,2019102201003129,NLICL,51,59,50,453,22650.00,2019-10-22 15:04:48.621725
83,2019102201003130,RRHP,47,41,10,101,1010.00,2019-10-22 15:04:48.621725
84,2019102201003131,MSMBS,14,37,11,460,5060.00,2019-10-22 15:04:48.621725
85,2019102201003132,SHL,45,57,200,208,41600.00,2019-10-22 15:04:48.621725
86,2019102201003133,SFFIL,45,51,65,198,12870.00,2019-10-22 15:04:48.621725
87,2019102201003134,EBL,40,58,520,545,283400.00,2019-10-22 15:04:48.621725
88,2019102201003135,GRDBL,13,42,50,102,5100.00,2019-10-22 15:04:48.621725
89,2019102201003136,SJCL,56,42,10,170,1700.00,2019-10-22 15:04:48.621725
90,2019102201003137,SJCL,56,41,10,170,1700.00,2019-10-22 15:04:48.621725
91,2019102201003138,NBB,52,33,55,211,11605.00,2019-10-22 15:04:48.621725
92,2019102201003139,UPPER,56,5,150,236,35400.00,2019-10-22 15:04:48.621725
93,2019102201003140,UPPER,56,33,350,236,82600.00,2019-10-22 15:04:48.621725
94,2019102201003141,UPPER,51,33,50,236,11800.00,2019-10-22 15:04:48.621725
95,2019102201003142,NTC,59,19,615,616,378840.00,2019-10-22 15:04:48.621725
96,2019102201003143,HIDCL,33,42,61,137,8357.00,2019-10-22 15:04:48.621725
97,2019102201003144,NMFBS,38,44,10,1705,17050.00,2019-10-22 15:04:48.621725
98,2019102201003145,NMFBS,38,48,40,1705,68200.00,2019-10-22 15:04:48.621725
99,2019102201003146,MERO,32,49,140,555,77700.00,2019-10-22 15:04:48.621725
100,2019102201003147,MERO,32,34,60,555,33300.00,2019-10-22 15:04:48.621725
101,2019102201003148,HBL,26,50,100,491,49100.00,2019-10-22 15:04:48.621725
102,2019102201003149,NMBMF,16,1,30,1091,32730.00,2019-10-22 15:04:48.621725
103,2019102201003150,NMBMF,45,1,70,1090,76300.00,2019-10-22 15:04:48.621725
104,2019102201003151,NICA,53,8,68,390,26520.00,2019-10-22 15:04:48.621725
105,2019102201003152,NICA,53,19,50,390,19500.00,2019-10-22 15:04:48.621725
106,2019102201003153,NICA,53,55,302,390,117780.00,2019-10-22 15:04:48.621725
107,2019102201003154,SJCL,56,32,10,170,1700.00,2019-10-22 15:04:48.621725
108,2019102201003155,ALICL,41,40,100,310,31000.00,2019-10-22 15:04:48.621725
109,2019102201003156,TRH,33,14,10,288,2880.00,2019-10-22 15:04:48.621725
110,2019102201003157,HPPL,19,42,10,138,1380.00,2019-10-22 15:04:48.621725
111,2019102201003158,NIBPO,52,49,200,406,81200.00,2019-10-22 15:04:48.621725
112,2019102201003159,NIBPO,28,49,1000,406,406000.00,2019-10-22 15:04:48.621725
113,2019102201003160,NCCB,58,38,20,200,4000.00,2019-10-22 15:04:48.621725
114,2019102201003161,RHPL,56,28,20,168,3360.00,2019-10-22 15:04:48.621725
115,2019102201003162,HBL,14,50,190,490,93100.00,2019-10-22 15:04:48.621725
116,2019102201003163,NBL,36,59,33,319,10527.00,2019-10-22 15:04:48.621725
117,2019102201003068,SABSL,52,28,10,450,4500.00,2019-10-22 15:04:48.621725
118,2019102201003069,SABSL,52,47,10,450,4500.00,2019-10-22 15:04:48.621725
119,2019102201003070,LBBL,28,28,447,173,77331.00,2019-10-22 15:04:48.621725
120,2019102201003071,NMBMF,22,32,41,1095,44895.00,2019-10-22 15:04:48.621725
121,2019102201003072,NMBMF,22,21,18,1095,19710.00,2019-10-22 15:04:48.621725
122,2019102201003073,SJCL,56,35,20,170,3400.00,2019-10-22 15:04:48.621725
123,2019102201003074,HURJA,45,28,20,103,2060.00,2019-10-22 15:04:48.621725
124,2019102201003075,NIB,51,59,15,443,6645.00,2019-10-22 15:04:48.621725
125,2019102201003076,PRVU,34,45,200,265,53000.00,2019-10-22 15:04:48.621725
126,2019102201003077,SFFIL,21,51,25,198,4950.00,2019-10-22 15:04:48.621725
127,2019102201003078,GBLBS,18,26,15,311,4665.00,2019-10-22 15:04:48.621725
128,2019102201003079,GBLBS,18,51,130,311,40430.00,2019-10-22 15:04:48.621725
129,2019102201003080,GBLBS,18,19,500,312,156000.00,2019-10-22 15:04:48.621725
130,2019102201003081,AKBSL,48,41,10,408,4080.00,2019-10-22 15:04:48.621725
131,2019102201003082,RLFL,45,43,100,111,11100.00,2019-10-22 15:04:48.621725
132,2019102201003083,RLFL,1,43,500,108,54000.00,2019-10-22 15:04:48.621725
133,2019102201003084,RLFL,13,43,100,108,10800.00,2019-10-22 15:04:48.621725
134,2019102201003085,NTC,34,36,40,619,24760.00,2019-10-22 15:04:48.621725
135,2019102201003086,AKBSL,48,42,10,408,4080.00,2019-10-22 15:04:48.621725
136,2019102201003087,SBL,33,43,419,289,121091.00,2019-10-22 15:04:48.621725
137,2019102201003088,SWBBL,19,41,25,911,22775.00,2019-10-22 15:04:48.621725
138,2019102201003089,API,25,51,30,110,3300.00,2019-10-22 15:04:48.621725
139,2019102201003090,NMBMF,57,21,100,1092,109200.00,2019-10-22 15:04:48.621725
140,2019102201003091,SWBBL,40,38,54,910,49140.00,2019-10-22 15:04:48.621725
141,2019102201003092,SWBBL,20,38,20,910,18200.00,2019-10-22 15:04:48.621725
142,2019102201003093,MEGA,35,50,14,198,2772.00,2019-10-22 15:04:48.621725
143,2019102201003094,MSMBS,14,37,11,460,5060.00,2019-10-22 15:04:48.621725
144,2019102201003095,ALBSL,19,42,10,379,3790.00,2019-10-22 15:04:48.621725
145,2019102201003096,BARUN,56,56,10,89,890.00,2019-10-22 15:04:48.621725
146,2019102201003097,CBL,56,46,280,143,40040.00,2019-10-22 15:04:48.621725
147,2019102201003098,CBL,56,42,220,143,31460.00,2019-10-22 15:04:48.621725
148,2019102201003099,LBBL,8,53,100,172,17200.00,2019-10-22 15:04:48.621725
149,2019102201003100,GBLBS,17,42,15,309,4635.00,2019-10-22 15:04:48.621725
150,2019102201003101,GLBSL,32,52,10,418,4180.00,2019-10-22 15:04:48.621725
151,2019102201003102,NCCB,58,25,1600,199,318400.00,2019-10-22 15:04:48.621725
152,2019102201003103,NCCB,58,1,195,199,38805.00,2019-10-22 15:04:48.621725
153,2019102201003104,NCCB,58,48,414,199,82386.00,2019-10-22 15:04:48.621725
154,2019102201003105,NCCB,58,22,579,199,115221.00,2019-10-22 15:04:48.621725
155,2019102201003106,NCCB,58,55,500,199,99500.00,2019-10-22 15:04:48.621725
156,2019102201003107,BARUN,56,19,10,90,900.00,2019-10-22 15:04:48.621725
157,2019102201003108,NBL,6,22,500,317,158500.00,2019-10-22 15:04:48.621725
158,2019102201003109,NBL,6,4,100,318,31800.00,2019-10-22 15:04:48.621725
159,2019102201003110,NBL,6,51,200,318,63600.00,2019-10-22 15:04:48.621725
160,2019102201003111,NBL,6,51,250,318,79500.00,2019-10-22 15:04:48.621725
161,2019102201003112,NBL,6,25,200,318,63600.00,2019-10-22 15:04:48.621725
162,2019102201003113,NBL,6,17,1000,318,318000.00,2019-10-22 15:04:48.621725
163,2019102201003114,NBL,6,42,100,318,31800.00,2019-10-22 15:04:48.621725
164,2019102201003115,NBL,6,6,100,318,31800.00,2019-10-22 15:04:48.621725
165,2019102201003116,GLBSL,48,42,10,412,4120.00,2019-10-22 15:04:48.621725
166,2019102201003117,NBB,25,7,1000,210,210000.00,2019-10-22 15:04:48.621725
167,2019102201003118,NIBSF1,7,26,200,8.6,1720.00,2019-10-22 15:04:48.621725
168,2019102201003119,SHL,33,57,500,208,104000.00,2019-10-22 15:04:48.621725
169,2019102201003048,NICL,47,5,100,266,26600.00,2019-10-22 15:04:48.621725
170,2019102201003049,NMBMF,22,32,41,1095,44895.00,2019-10-22 15:04:48.621725
171,2019102201003050,ICFC,28,52,70,160,11200.00,2019-10-22 15:04:48.621725
172,2019102201003051,NTC,59,36,10,619,6190.00,2019-10-22 15:04:48.621725
173,2019102201003052,PRVU,44,45,1000,264,264000.00,2019-10-22 15:04:48.621725
174,2019102201003053,SDESI,25,55,10,615,6150.00,2019-10-22 15:04:48.621725
175,2019102201003054,MEGA,33,28,286,197,56342.00,2019-10-22 15:04:48.621725
176,2019102201003055,MEGA,47,28,214,197,42158.00,2019-10-22 15:04:48.621725
177,2019102201003056,MSMBS,1,37,11,462,5082.00,2019-10-22 15:04:48.621725
178,2019102201003057,PRVU,38,45,200,264,52800.00,2019-10-22 15:04:48.621725
179,2019102201003058,SKBBL,42,45,10,927,9270.00,2019-10-22 15:04:48.621725
180,2019102201003059,CCBL,45,16,500,153,76500.00,2019-10-22 15:04:48.621725
181,2019102201003060,CBL,47,51,55,142,7810.00,2019-10-22 15:04:48.621725
182,2019102201003061,API,59,38,1000,110,110000.00,2019-10-22 15:04:48.621725
183,2019102201003062,UPPER,25,5,20,236,4720.00,2019-10-22 15:04:48.621725
184,2019102201003063,NIB,29,16,51,441,22491.00,2019-10-22 15:04:48.621725
185,2019102201003064,PLIC,11,29,18,321,5778.00,2019-10-22 15:04:48.621725
186,2019102201003065,NLIC,4,35,127,778,98806.00,2019-10-22 15:04:48.621725
187,2019102201003066,NLIC,19,44,74,780,57720.00,2019-10-22 15:04:48.621725
188,2019102201003067,GBLBS,18,45,150,310,46500.00,2019-10-22 15:04:48.621725
189,2019102201003009,UPPER,58,26,22,235,5170.00,2019-10-22 15:04:48.621725
190,2019102201003010,ILBS,52,38,10,417,4170.00,2019-10-22 15:04:48.621725
191,2019102201003011,ILBS,52,38,10,417,4170.00,2019-10-22 15:04:48.621725
192,2019102201003012,GBBL,56,4,10,212,2120.00,2019-10-22 15:04:48.621725
193,2019102201003013,GLICL,25,26,90,357,32130.00,2019-10-22 15:04:48.621725
194,2019102201003014,GLICL,25,49,40,358,14320.00,2019-10-22 15:04:48.621725
195,2019102201003015,SRBL,33,1,10,213,2130.00,2019-10-22 15:04:48.621725
196,2019102201003016,NLIC,55,33,10,778,7780.00,2019-10-22 15:04:48.621725
197,2019102201003017,NLIC,55,49,131,779,102049.00,2019-10-22 15:04:48.621725
198,2019102201003018,NLIC,55,57,275,779,214225.00,2019-10-22 15:04:48.621725
199,2019102201003019,NLIC,55,6,25,779,19475.00,2019-10-22 15:04:48.621725
200,2019102201003020,PICL,6,28,30,442,13260.00,2019-10-22 15:04:48.621725
201,2019102201003021,HBL,26,8,100,491,49100.00,2019-10-22 15:04:48.621725
202,2019102201003022,GUFL,44,25,1000,109,109000.00,2019-10-22 15:04:48.621725
203,2019102201003023,NCCB,57,38,1573,198,311454.00,2019-10-22 15:04:48.621725
204,2019102201003024,NCCB,58,38,427,198,84546.00,2019-10-22 15:04:48.621725
205,2019102201003025,EBL,6,44,500,545,272500.00,2019-10-22 15:04:48.621725
206,2019102201003026,API,25,42,40,110,4400.00,2019-10-22 15:04:48.621725
207,2019102201003027,API,45,42,50,109,5450.00,2019-10-22 15:04:48.621725
208,2019102201003028,API,53,42,30,109,3270.00,2019-10-22 15:04:48.621725
209,2019102201003029,NLICL,25,59,10,454,4540.00,2019-10-22 15:04:48.621725
210,2019102201003030,NTC,22,56,100,619,61900.00,2019-10-22 15:04:48.621725
211,2019102201003031,NMBMF,34,40,42,1094,45948.00,2019-10-22 15:04:48.621725
212,2019102201003032,UIC,26,57,40,254,10160.00,2019-10-22 15:04:48.621725
213,2019102201003033,UIC,11,57,15,253,3795.00,2019-10-22 15:04:48.621725
214,2019102201003034,UIC,39,57,200,252,50400.00,2019-10-22 15:04:48.621725
215,2019102201003035,UIC,41,57,20,252,5040.00,2019-10-22 15:04:48.621725
216,2019102201003036,MNBBL,33,35,10,309,3090.00,2019-10-22 15:04:48.621725
217,2019102201003037,PRVU,38,52,500,265,132500.00,2019-10-22 15:04:48.621725
218,2019102201003038,PRVU,38,56,100,265,26500.00,2019-10-22 15:04:48.621725
219,2019102201003039,PRVU,38,44,100,265,26500.00,2019-10-22 15:04:48.621725
220,2019102201003040,PRVU,38,10,500,265,132500.00,2019-10-22 15:04:48.621725
221,2019102201003041,PRVU,38,45,125,265,33125.00,2019-10-22 15:04:48.621725
222,2019102201003042,NTC,22,59,15,619,9285.00,2019-10-22 15:04:48.621725
223,2019102201003043,NTC,38,59,20,618,12360.00,2019-10-22 15:04:48.621725
224,2019102201003044,NTC,49,59,200,618,123600.00,2019-10-22 15:04:48.621725
225,2019102201003045,NTC,28,59,250,617,154250.00,2019-10-22 15:04:48.621725
226,2019102201003046,NTC,48,59,15,617,9255.00,2019-10-22 15:04:48.621725
227,2019102201003047,NTC,35,59,300,617,185100.00,2019-10-22 15:04:48.621725
228,2019102201002984,ILBS,54,32,10,415,4150.00,2019-10-22 15:04:48.621725
229,2019102201002985,NBL,34,22,500,317,158500.00,2019-10-22 15:04:48.621725
230,2019102201002986,SRBL,32,7,100,211,21100.00,2019-10-22 15:04:48.621725
231,2019102201002987,SRBL,32,32,50,211,10550.00,2019-10-22 15:04:48.621725
232,2019102201002988,NIB,26,39,300,442,132600.00,2019-10-22 15:04:48.621725
233,2019102201002989,NIB,26,45,145,442,64090.00,2019-10-22 15:04:48.621725
234,2019102201002990,NIB,26,44,80,442,35360.00,2019-10-22 15:04:48.621725
235,2019102201002991,PPCL,39,51,20,93,1860.00,2019-10-22 15:04:48.621725
236,2019102201002992,CCBL,51,16,100,153,15300.00,2019-10-22 15:04:48.621725
237,2019102201002993,NLICL,22,1,18,450,8100.00,2019-10-22 15:04:48.621725
238,2019102201002994,SCB,13,33,20,557,11140.00,2019-10-22 15:04:48.621725
239,2019102201002995,PLIC,48,28,25,315,7875.00,2019-10-22 15:04:48.621725
240,2019102201002996,PLIC,6,28,475,315,149625.00,2019-10-22 15:04:48.621725
241,2019102201002997,SJCL,56,32,20,173,3460.00,2019-10-22 15:04:48.621725
242,2019102201002998,SJCL,56,22,10,173,1730.00,2019-10-22 15:04:48.621725
243,2019102201002999,MNBBL,35,35,150,306,45900.00,2019-10-22 15:04:48.621725
244,2019102201003000,MNBBL,57,35,170,306,52020.00,2019-10-22 15:04:48.621725
245,2019102201003001,MNBBL,42,35,25,306,7650.00,2019-10-22 15:04:48.621725
246,2019102201003002,MNBBL,58,35,490,306,149940.00,2019-10-22 15:04:48.621725
247,2019102201003003,PRVU,53,45,2550,264,673200.00,2019-10-22 15:04:48.621725
248,2019102201003004,PRVU,33,45,1000,264,264000.00,2019-10-22 15:04:48.621725
249,2019102201003005,PRVU,16,45,200,264,52800.00,2019-10-22 15:04:48.621725
250,2019102201003006,PRVU,25,45,200,264,52800.00,2019-10-22 15:04:48.621725
251,2019102201003007,PRVU,29,45,200,264,52800.00,2019-10-22 15:04:48.621725
252,2019102201003008,PRVU,45,45,70,264,18480.00,2019-10-22 15:04:48.621725
253,2019102201002953,SHL,14,57,179,208,37232.00,2019-10-22 15:04:48.621725
254,2019102201002954,JFL,16,32,20,195,3900.00,2019-10-22 15:04:48.621725
255,2019102201002955,JFL,5,32,125,194,24250.00,2019-10-22 15:04:48.621725
256,2019102201002956,JFL,1,32,100,194,19400.00,2019-10-22 15:04:48.621725
257,2019102201002957,JFL,16,32,50,194,9700.00,2019-10-22 15:04:48.621725
258,2019102201002958,JFL,6,32,300,194,58200.00,2019-10-22 15:04:48.621725
259,2019102201002959,HURJA,37,42,40,104,4160.00,2019-10-22 15:04:48.621725
260,2019102201002960,SBL,6,43,61,289,17629.00,2019-10-22 15:04:48.621725
261,2019102201002961,NLIC,4,6,12,778,9336.00,2019-10-22 15:04:48.621725
262,2019102201002962,NLIC,4,55,231,778,179718.00,2019-10-22 15:04:48.621725
263,2019102201002963,NABIL,22,35,250,756,189000.00,2019-10-22 15:04:48.621725
264,2019102201002964,SHIVM,16,25,300,484,145200.00,2019-10-22 15:04:48.621725
265,2019102201002965,PLIC,36,41,82,317,25994.00,2019-10-22 15:04:48.621725
266,2019102201002966,MHNL,48,59,20,79,1580.00,2019-10-22 15:04:48.621725
267,2019102201002967,SANIMA,38,55,245,310,75950.00,2019-10-22 15:04:48.621725
268,2019102201002968,SANIMA,38,32,50,310,15500.00,2019-10-22 15:04:48.621725
269,2019102201002969,NBL,16,49,1000,317,317000.00,2019-10-22 15:04:48.621725
270,2019102201002970,KBL,43,49,1830,183,334890.00,2019-10-22 15:04:48.621725
271,2019102201002971,RHPL,56,32,20,171,3420.00,2019-10-22 15:04:48.621725
272,2019102201002972,RHPL,56,22,10,171,1710.00,2019-10-22 15:04:48.621725
273,2019102201002973,SMATA,52,28,100,524,52400.00,2019-10-22 15:04:48.621725
274,2019102201002974,SMATA,34,28,10,523,5230.00,2019-10-22 15:04:48.621725
275,2019102201002975,SMATA,51,28,30,523,15690.00,2019-10-22 15:04:48.621725
276,2019102201002976,SMATA,39,28,50,519,25950.00,2019-10-22 15:04:48.621725
277,2019102201002977,SMATA,51,28,50,515,25750.00,2019-10-22 15:04:48.621725
278,2019102201002978,SMATA,39,28,100,514,51400.00,2019-10-22 15:04:48.621725
279,2019102201002979,MDB,6,6,1500,252,378000.00,2019-10-22 15:04:48.621725
280,2019102201002980,MHNL,38,59,100,78,7800.00,2019-10-22 15:04:48.621725
281,2019102201002981,MHNL,47,59,300,78,23400.00,2019-10-22 15:04:48.621725
282,2019102201002982,PCBL,13,41,350,266,93100.00,2019-10-22 15:04:48.621725
283,2019102201002983,NBL,16,49,1174,317,372158.00,2019-10-22 15:04:48.621725
284,2019102201002925,RMDC,53,42,23,605,13915.00,2019-10-22 15:04:48.621725
285,2019102201002926,RMDC,34,42,300,601,180300.00,2019-10-22 15:04:48.621725
286,2019102201002927,RMDC,10,42,177,600,106200.00,2019-10-22 15:04:48.621725
287,2019102201002928,ALBSL,48,17,10,378,3780.00,2019-10-22 15:04:48.621725
288,2019102201002929,KBL,18,10,117,182,21294.00,2019-10-22 15:04:48.621725
289,2019102201002930,KKHC,18,22,92,59,5428.00,2019-10-22 15:04:48.621725
290,2019102201002931,GMFBS,33,10,10,454,4540.00,2019-10-22 15:04:48.621725
291,2019102201002932,NABIL,22,22,12,756,9072.00,2019-10-22 15:04:48.621725
292,2019102201002933,PLIC,6,35,25,316,7900.00,2019-10-22 15:04:48.621725
293,2019102201002934,PLIC,48,35,25,315,7875.00,2019-10-22 15:04:48.621725
294,2019102201002935,SANIMA,32,41,11,308,3388.00,2019-10-22 15:04:48.621725
295,2019102201002936,MEGA,33,41,18,197,3546.00,2019-10-22 15:04:48.621725
296,2019102201002937,EBL,52,58,50,546,27300.00,2019-10-22 15:04:48.621725
297,2019102201002938,CCBL,26,16,200,153,30600.00,2019-10-22 15:04:48.621725
298,2019102201002939,PRVU,33,43,500,264,132000.00,2019-10-22 15:04:48.621725
299,2019102201002940,NIB,54,22,18,440,7920.00,2019-10-22 15:04:48.621725
300,2019102201002941,NIB,43,39,200,442,88400.00,2019-10-22 15:04:48.621725
301,2019102201002942,MEGA,33,35,50,197,9850.00,2019-10-22 15:04:48.621725
302,2019102201002943,AKBSL,48,8,10,408,4080.00,2019-10-22 15:04:48.621725
303,2019102201002944,NICA,45,25,89,390,34710.00,2019-10-22 15:04:48.621725
304,2019102201002945,NICA,45,8,911,390,355290.00,2019-10-22 15:04:48.621725
305,2019102201002946,NLIC,42,22,15,777,11655.00,2019-10-22 15:04:48.621725
306,2019102201002947,NLIC,42,34,40,777,31080.00,2019-10-22 15:04:48.621725
307,2019102201002948,NCCB,58,57,1633,198,323334.00,2019-10-22 15:04:48.621725
308,2019102201002949,NCCB,8,57,100,198,19800.00,2019-10-22 15:04:48.621725
309,2019102201002950,NCCB,58,57,3000,198,594000.00,2019-10-22 15:04:48.621725
310,2019102201002951,NCCB,57,57,927,198,183546.00,2019-10-22 15:04:48.621725
311,2019102201002952,AKBSL,48,8,10,408,4080.00,2019-10-22 15:04:48.621725
312,2019102201002889,SCB,21,33,50,557,27850.00,2019-10-22 15:04:48.621725
313,2019102201002890,GFCL,59,59,35,135,4725.00,2019-10-22 15:04:48.621725
314,2019102201002891,NABIL,19,35,100,758,75800.00,2019-10-22 15:04:48.621725
315,2019102201002892,NABIL,38,35,136,757,102952.00,2019-10-22 15:04:48.621725
316,2019102201002893,NABIL,35,35,100,757,75700.00,2019-10-22 15:04:48.621725
317,2019102201002894,NABIL,22,35,10,756,7560.00,2019-10-22 15:04:48.621725
318,2019102201002895,PRVU,36,45,244,265,64660.00,2019-10-22 15:04:48.621725
319,2019102201002896,MDB,6,6,500,252,126000.00,2019-10-22 15:04:48.621725
320,2019102201002897,API,25,51,50,111,5550.00,2019-10-22 15:04:48.621725
321,2019102201002898,SJCL,44,48,20,173,3460.00,2019-10-22 15:04:48.621725
322,2019102201002899,SJCL,44,34,20,176,3520.00,2019-10-22 15:04:48.621725
323,2019102201002900,SHIVM,55,41,20,481,9620.00,2019-10-22 15:04:48.621725
324,2019102201002901,PCBL,17,41,100,266,26600.00,2019-10-22 15:04:48.621725
325,2019102201002902,AHPC,58,40,1980,95,188100.00,2019-10-22 15:04:48.621725
326,2019102201002903,ALICL,7,57,10,313,3130.00,2019-10-22 15:04:48.621725
327,2019102201002904,ALICL,25,57,150,313,46950.00,2019-10-22 15:04:48.621725
328,2019102201002905,ALICL,8,57,200,312,62400.00,2019-10-22 15:04:48.621725
329,2019102201002906,ALICL,43,57,50,312,15600.00,2019-10-22 15:04:48.621725
330,2019102201002907,ALICL,16,57,227,311,70597.00,2019-10-22 15:04:48.621725
331,2019102201002908,ALICL,41,57,50,310,15500.00,2019-10-22 15:04:48.621725
332,2019102201002909,ALICL,16,57,1000,310,310000.00,2019-10-22 15:04:48.621725
333,2019102201002910,ALICL,41,57,313,310,97030.00,2019-10-22 15:04:48.621725
334,2019102201002911,AKBSL,48,32,10,408,4080.00,2019-10-22 15:04:48.621725
335,2019102201002912,SICL,58,25,50,734,36700.00,2019-10-22 15:04:48.621725
336,2019102201002913,SICL,58,34,100,735,73500.00,2019-10-22 15:04:48.621725
337,2019102201002914,SICL,58,33,100,735,73500.00,2019-10-22 15:04:48.621725
338,2019102201002915,SANIMA,38,55,50,310,15500.00,2019-10-22 15:04:48.621725
339,2019102201002916,KBL,13,49,320,183,58560.00,2019-10-22 15:04:48.621725
340,2019102201002917,KBL,43,49,2000,183,366000.00,2019-10-22 15:04:48.621725
341,2019102201002918,ADBL,21,37,100,411,41100.00,2019-10-22 15:04:48.621725
342,2019102201002919,NICA,53,22,400,389,155600.00,2019-10-22 15:04:48.621725
343,2019102201002920,ADBL,21,41,83,411,34113.00,2019-10-22 15:04:48.621725
344,2019102201002921,UIC,52,58,500,255,127500.00,2019-10-22 15:04:48.621725
345,2019102201002922,NIB,54,35,23,440,10120.00,2019-10-22 15:04:48.621725
346,2019102201002923,HURJA,45,22,20,103,2060.00,2019-10-22 15:04:48.621725
347,2019102201002924,EBL,19,57,800,545,436000.00,2019-10-22 15:04:48.621725
348,2019102201002875,RBCL,37,57,10,8410,84100.00,2019-10-22 15:04:48.621725
349,2019102201002876,RBCL,42,57,10,8405,84050.00,2019-10-22 15:04:48.621725
350,2019102201002877,RBCL,37,57,10,8400,84000.00,2019-10-22 15:04:48.621725
351,2019102201002878,RBCL,41,57,20,8400,168000.00,2019-10-22 15:04:48.621725
352,2019102201002879,RBCL,42,57,10,8400,84000.00,2019-10-22 15:04:48.621725
353,2019102201002880,NMBMF,21,40,10,1094,10940.00,2019-10-22 15:04:48.621725
354,2019102201002881,MDB,6,6,1500,252,378000.00,2019-10-22 15:04:48.621725
355,2019102201002882,NICA,53,25,59,389,22951.00,2019-10-22 15:04:48.621725
356,2019102201002883,EBL,49,58,50,546,27300.00,2019-10-22 15:04:48.621725
357,2019102201002884,API,25,57,250,110,27500.00,2019-10-22 15:04:48.621725
358,2019102201002885,SHPC,7,28,93,192,17856.00,2019-10-22 15:04:48.621725
359,2019102201002886,SHPC,14,28,100,191,19100.00,2019-10-22 15:04:48.621725
360,2019102201002887,SHPC,6,28,100,191,19100.00,2019-10-22 15:04:48.621725
361,2019102201002888,SHPC,55,28,213,190,40470.00,2019-10-22 15:04:48.621725
362,2019102201002861,NMBMF,52,40,48,1094,52512.00,2019-10-22 15:04:48.621725
363,2019102201002862,CZBIL,6,22,195,195,38025.00,2019-10-22 15:04:48.621725
364,2019102201002863,GUFL,34,53,100,110,11000.00,2019-10-22 15:04:48.621725
365,2019102201002864,MEGA,33,28,875,197,172375.00,2019-10-22 15:04:48.621725
366,2019102201002865,NICA,25,22,59,389,22951.00,2019-10-22 15:04:48.621725
367,2019102201002866,NICA,25,25,41,389,15949.00,2019-10-22 15:04:48.621725
368,2019102201002867,BOKL,22,48,500,227,113500.00,2019-10-22 15:04:48.621725
369,2019102201002868,PIC,43,29,200,364,72800.00,2019-10-22 15:04:48.621725
370,2019102201002869,CIT,52,13,50,1780,89000.00,2019-10-22 15:04:48.621725
371,2019102201002870,MDB,6,6,1500,252,378000.00,2019-10-22 15:04:48.621725
372,2019102201002871,MDB,35,16,100,253,25300.00,2019-10-22 15:04:48.621725
373,2019102201002872,MDB,35,34,50,253,12650.00,2019-10-22 15:04:48.621725
374,2019102201002873,BOKL,55,48,336,227,76272.00,2019-10-22 15:04:48.621725
375,2019102201002874,BOKL,55,11,50,227,11350.00,2019-10-22 15:04:48.621725
376,2019102201002843,RSDC,33,8,10,320,3200.00,2019-10-22 15:04:48.621725
377,2019102201002844,MDB,6,6,1500,252,378000.00,2019-10-22 15:04:48.621725
378,2019102201002845,SJCL,59,10,50,175,8750.00,2019-10-22 15:04:48.621725
379,2019102201002846,SJCL,59,40,100,175,17500.00,2019-10-22 15:04:48.621725
380,2019102201002847,SJCL,59,1,200,175,35000.00,2019-10-22 15:04:48.621725
381,2019102201002848,SJCL,59,19,20,175,3500.00,2019-10-22 15:04:48.621725
382,2019102201002849,BFC,32,17,100,91,9100.00,2019-10-22 15:04:48.621725
383,2019102201002850,UMHL,17,35,10,101,1010.00,2019-10-22 15:04:48.621725
384,2019102201002851,NMBMF,46,46,2,1074,2148.00,2019-10-22 15:04:48.621725
385,2019102201002852,BFC,32,17,100,91,9100.00,2019-10-22 15:04:48.621725
386,2019102201002853,SANIMA,33,11,30,309,9270.00,2019-10-22 15:04:48.621725
387,2019102201002854,MDB,6,6,1500,252,378000.00,2019-10-22 15:04:48.621725
388,2019102201002855,NMBMF,14,1,100,1092,109200.00,2019-10-22 15:04:48.621725
389,2019102201002856,RHPL,59,52,40,170,6800.00,2019-10-22 15:04:48.621725
390,2019102201002857,RHPL,59,59,100,171,17100.00,2019-10-22 15:04:48.621725
391,2019102201002858,RHPL,59,59,100,173,17300.00,2019-10-22 15:04:48.621725
392,2019102201002859,RHPL,59,25,100,173,17300.00,2019-10-22 15:04:48.621725
393,2019102201002860,RHPL,59,44,1000,174,174000.00,2019-10-22 15:04:48.621725
394,2019102201002818,SJCL,55,41,20,168,3360.00,2019-10-22 15:04:48.621725
395,2019102201002819,SADBL,5,1,49,138,6762.00,2019-10-22 15:04:48.621725
396,2019102201002820,PRIN,44,47,290,310,89900.00,2019-10-22 15:04:48.621725
397,2019102201002821,API,25,57,140,110,15400.00,2019-10-22 15:04:48.621725
398,2019102201002822,SJCL,55,58,20,168,3360.00,2019-10-22 15:04:48.621725
399,2019102201002823,GMFIL,28,28,700,114,79800.00,2019-10-22 15:04:48.621725
400,2019102201002824,CIT,52,47,25,1780,44500.00,2019-10-22 15:04:48.621725
401,2019102201002825,BARUN,13,17,142,88,12496.00,2019-10-22 15:04:48.621725
402,2019102201002826,SANIMA,32,1,15,308,4620.00,2019-10-22 15:04:48.621725
403,2019102201002827,SJCL,59,10,10,171,1710.00,2019-10-22 15:04:48.621725
404,2019102201002828,FOWAD,16,49,19,1285,24415.00,2019-10-22 15:04:48.621725
405,2019102201002829,FOWAD,16,28,23,1288,29624.00,2019-10-22 15:04:48.621725
406,2019102201002830,FOWAD,16,28,19,1288,24472.00,2019-10-22 15:04:48.621725
407,2019102201002831,FOWAD,16,38,10,1290,12900.00,2019-10-22 15:04:48.621725
408,2019102201002832,ALICL,58,28,125,315,39375.00,2019-10-22 15:04:48.621725
409,2019102201002833,ALICL,58,48,300,315,94500.00,2019-10-22 15:04:48.621725
410,2019102201002834,UIC,47,58,20,255,5100.00,2019-10-22 15:04:48.621725
411,2019102201002835,UIC,8,58,100,255,25500.00,2019-10-22 15:04:48.621725
412,2019102201002836,SHIVM,41,6,100,480,48000.00,2019-10-22 15:04:48.621725
413,2019102201002837,SJCL,59,10,10,172,1720.00,2019-10-22 15:04:48.621725
414,2019102201002838,SJCL,59,38,40,172,6880.00,2019-10-22 15:04:48.621725
415,2019102201002839,SJCL,59,59,60,174,10440.00,2019-10-22 15:04:48.621725
416,2019102201002840,SJCL,59,10,100,174,17400.00,2019-10-22 15:04:48.621725
417,2019102201002841,SJCL,59,47,100,174,17400.00,2019-10-22 15:04:48.621725
418,2019102201002842,KBL,13,1,180,183,32940.00,2019-10-22 15:04:48.621725
419,2019102201002811,LBBL,6,28,200,173,34600.00,2019-10-22 15:04:48.621725
420,2019102201002812,PIC,43,59,522,364,190008.00,2019-10-22 15:04:48.621725
421,2019102201002813,LBL,57,1,16,216,3456.00,2019-10-22 15:04:48.621725
422,2019102201002814,SBI,14,21,20,403,8060.00,2019-10-22 15:04:48.621725
423,2019102201002815,MLBL,42,33,80,213,17040.00,2019-10-22 15:04:48.621725
424,2019102201002816,MBL,14,14,250,225,56250.00,2019-10-22 15:04:48.621725
425,2019102201002817,SIL,25,1,10,385,3850.00,2019-10-22 15:04:48.621725
426,2019102201002778,MEGA,41,28,125,197,24625.00,2019-10-22 15:04:48.621725
427,2019102201002779,NCCB,58,48,429,198,84942.00,2019-10-22 15:04:48.621725
428,2019102201002780,SJCL,45,18,10,167,1670.00,2019-10-22 15:04:48.621725
429,2019102201002781,MDB,6,25,400,252,100800.00,2019-10-22 15:04:48.621725
430,2019102201002782,MDB,6,6,2000,252,504000.00,2019-10-22 15:04:48.621725
431,2019102201002783,HBL,49,50,50,492,24600.00,2019-10-22 15:04:48.621725
432,2019102201002784,SJCL,45,18,20,167,3340.00,2019-10-22 15:04:48.621725
433,2019102201002785,MERO,49,41,35,549,19215.00,2019-10-22 15:04:48.621725
434,2019102201002786,MERO,49,49,10,555,5550.00,2019-10-22 15:04:48.621725
435,2019102201002787,NBL,35,49,500,317,158500.00,2019-10-22 15:04:48.621725
436,2019102201002788,SJCL,45,18,10,167,1670.00,2019-10-22 15:04:48.621725
437,2019102201002789,EIC,8,51,100,226,22600.00,2019-10-22 15:04:48.621725
438,2019102201002790,SJCL,45,41,20,167,3340.00,2019-10-22 15:04:48.621725
439,2019102201002791,RHPL,59,43,200,169,33800.00,2019-10-22 15:04:48.621725
440,2019102201002792,RHPL,59,44,1000,169,169000.00,2019-10-22 15:04:48.621725
441,2019102201002793,RHPL,59,58,40,170,6800.00,2019-10-22 15:04:48.621725
442,2019102201002794,RHPL,59,42,50,170,8500.00,2019-10-22 15:04:48.621725
443,2019102201002795,RHPL,59,59,300,170,51000.00,2019-10-22 15:04:48.621725
444,2019102201002796,RHPL,59,19,40,170,6800.00,2019-10-22 15:04:48.621725
445,2019102201002797,RHPL,59,11,500,170,85000.00,2019-10-22 15:04:48.621725
446,2019102201002798,UIC,57,58,40,256,10240.00,2019-10-22 15:04:48.621725
447,2019102201002799,RMDC,37,41,23,605,13915.00,2019-10-22 15:04:48.621725
448,2019102201002800,RMDC,53,41,77,605,46585.00,2019-10-22 15:04:48.621725
449,2019102201002801,RHPL,59,40,400,171,68400.00,2019-10-22 15:04:48.621725
450,2019102201002802,RHPL,59,40,300,172,51600.00,2019-10-22 15:04:48.621725
451,2019102201002803,RHPL,59,47,100,172,17200.00,2019-10-22 15:04:48.621725
452,2019102201002804,RHPL,59,10,1040,172,178880.00,2019-10-22 15:04:48.621725
453,2019102201002805,RHPL,59,19,40,172,6880.00,2019-10-22 15:04:48.621725
454,2019102201002806,SICL,58,35,100,729,72900.00,2019-10-22 15:04:48.621725
455,2019102201002807,SICL,58,43,900,730,657000.00,2019-10-22 15:04:48.621725
456,2019102201002808,RHPL,59,17,40,173,6920.00,2019-10-22 15:04:48.621725
457,2019102201002809,RHPL,59,10,300,173,51900.00,2019-10-22 15:04:48.621725
458,2019102201002810,HURJA,21,42,40,104,4160.00,2019-10-22 15:04:48.621725
459,2019102201002750,NABIL,29,35,90,758,68220.00,2019-10-22 15:04:48.621725
460,2019102201002751,NABIL,38,35,10,757,7570.00,2019-10-22 15:04:48.621725
461,2019102201002752,EDBL,20,41,60,261,15660.00,2019-10-22 15:04:48.621725
462,2019102201002753,PCBL,14,45,72,266,19152.00,2019-10-22 15:04:48.621725
463,2019102201002754,PCBL,14,43,31,266,8246.00,2019-10-22 15:04:48.621725
464,2019102201002755,SDESI,48,4,12,608,7296.00,2019-10-22 15:04:48.621725
465,2019102201002756,SDESI,48,4,20,608,12160.00,2019-10-22 15:04:48.621725
466,2019102201002757,NIB,57,43,100,440,44000.00,2019-10-22 15:04:48.621725
467,2019102201002758,NIB,54,43,150,440,66000.00,2019-10-22 15:04:48.621725
468,2019102201002759,NIB,49,43,30,440,13200.00,2019-10-22 15:04:48.621725
469,2019102201002760,NIB,54,43,20,440,8800.00,2019-10-22 15:04:48.621725
470,2019102201002761,SJCL,45,41,20,167,3340.00,2019-10-22 15:04:48.621725
471,2019102201002762,NBL,51,49,10,317,3170.00,2019-10-22 15:04:48.621725
472,2019102201002763,RSDC,33,22,50,317,15850.00,2019-10-22 15:04:48.621725
473,2019102201002764,RSDC,47,22,24,316,7584.00,2019-10-22 15:04:48.621725
474,2019102201002765,RSDC,25,22,33,316,10428.00,2019-10-22 15:04:48.621725
475,2019102201002766,SHIVM,39,57,500,481,240500.00,2019-10-22 15:04:48.621725
476,2019102201002767,SHIVM,14,57,44,481,21164.00,2019-10-22 15:04:48.621725
477,2019102201002768,SHIVM,34,57,100,481,48100.00,2019-10-22 15:04:48.621725
478,2019102201002769,SJCL,45,41,20,167,3340.00,2019-10-22 15:04:48.621725
479,2019102201002770,SHIVM,34,57,110,480,52800.00,2019-10-22 15:04:48.621725
480,2019102201002771,SHIVM,42,57,200,480,96000.00,2019-10-22 15:04:48.621725
481,2019102201002772,SHIVM,34,57,46,480,22080.00,2019-10-22 15:04:48.621725
482,2019102201002773,SBL,51,44,161,289,46529.00,2019-10-22 15:04:48.621725
483,2019102201002774,SBL,8,44,100,289,28900.00,2019-10-22 15:04:48.621725
484,2019102201002775,SBL,35,44,200,289,57800.00,2019-10-22 15:04:48.621725
485,2019102201002776,SBL,6,44,39,289,11271.00,2019-10-22 15:04:48.621725
486,2019102201002777,NICA,18,22,35,389,13615.00,2019-10-22 15:04:48.621725
487,2019102201002732,SHINE,39,33,500,253,126500.00,2019-10-22 15:04:48.621725
488,2019102201002733,NLIC,52,22,10,777,7770.00,2019-10-22 15:04:48.621725
489,2019102201002734,SJCL,29,44,10,169,1690.00,2019-10-22 15:04:48.621725
490,2019102201002735,SJCL,29,44,10,169,1690.00,2019-10-22 15:04:48.621725
491,2019102201002736,SJCL,29,44,10,169,1690.00,2019-10-22 15:04:48.621725
492,2019102201002737,GLICL,25,26,10,357,3570.00,2019-10-22 15:04:48.621725
493,2019102201002738,EDBL,39,41,20,266,5320.00,2019-10-22 15:04:48.621725
494,2019102201002739,EDBL,45,41,50,266,13300.00,2019-10-22 15:04:48.621725
495,2019102201002740,SICL,49,56,200,729,145800.00,2019-10-22 15:04:48.621725
496,2019102201002741,AHPC,25,40,20,96,1920.00,2019-10-22 15:04:48.621725
497,2019102201002742,PRVU,14,45,70,265,18550.00,2019-10-22 15:04:48.621725
498,2019102201002743,MDB,6,33,139,250,34750.00,2019-10-22 15:04:48.621725
499,2019102201002744,MDB,6,59,1000,251,251000.00,2019-10-22 15:04:48.621725
500,2019102201002745,SANIMA,38,11,20,309,6180.00,2019-10-22 15:04:48.621725
501,2019102201002746,ADBL,21,45,100,411,41100.00,2019-10-22 15:04:48.621725
502,2019102201002747,GBLBS,44,49,300,310,93000.00,2019-10-22 15:04:48.621725
503,2019102201002748,KBL,51,1,100,183,18300.00,2019-10-22 15:04:48.621725
504,2019102201002749,AKPL,25,47,13,137,1781.00,2019-10-22 15:04:48.621725
505,2019102201002725,LBL,57,32,50,216,10800.00,2019-10-22 15:04:48.621725
506,2019102201002726,KKHC,18,56,242,58,14036.00,2019-10-22 15:04:48.621725
507,2019102201002727,NLIC,55,37,25,776,19400.00,2019-10-22 15:04:48.621725
508,2019102201002728,HBL,7,50,10,492,4920.00,2019-10-22 15:04:48.621725
509,2019102201002729,SANIMA,38,37,50,309,15450.00,2019-10-22 15:04:48.621725
510,2019102201002730,SAEF,49,57,1000,9,9000.00,2019-10-22 15:04:48.621725
511,2019102201002731,SBI,6,11,100,404,40400.00,2019-10-22 15:04:48.621725
512,2019102201002710,NLICL,19,34,31,450,13950.00,2019-10-22 15:04:48.621725
513,2019102201002711,PRIN,57,47,100,309,30900.00,2019-10-22 15:04:48.621725
514,2019102201002712,PRIN,57,47,210,310,65100.00,2019-10-22 15:04:48.621725
515,2019102201002713,RHPC,5,5,19,79,1501.00,2019-10-22 15:04:48.621725
516,2019102201002714,CZBIL,28,22,100,195,19500.00,2019-10-22 15:04:48.621725
517,2019102201002715,NLICL,6,34,839,450,377550.00,2019-10-22 15:04:48.621725
518,2019102201002716,NLICL,6,56,280,453,126840.00,2019-10-22 15:04:48.621725
519,2019102201002717,CHCL,14,57,74,415,30710.00,2019-10-22 15:04:48.621725
520,2019102201002718,EBL,45,44,20,545,10900.00,2019-10-22 15:04:48.621725
521,2019102201002719,BOKL,44,48,164,227,37228.00,2019-10-22 15:04:48.621725
522,2019102201002720,EBL,40,44,480,545,261600.00,2019-10-22 15:04:48.621725
523,2019102201002721,SHIVM,34,34,2200,483,1062600.00,2019-10-22 15:04:48.621725
524,2019102201002722,MNBBL,25,35,50,308,15400.00,2019-10-22 15:04:48.621725
525,2019102201002723,MNBBL,57,35,10,306,3060.00,2019-10-22 15:04:48.621725
526,2019102201002724,LBL,57,57,170,216,36720.00,2019-10-22 15:04:48.621725
527,2019102201002690,PCBL,14,13,109,265,28885.00,2019-10-22 15:04:48.621725
528,2019102201002691,PCBL,21,13,391,265,103615.00,2019-10-22 15:04:48.621725
529,2019102201002692,RHPC,5,5,19,79,1501.00,2019-10-22 15:04:48.621725
530,2019102201002693,NLICL,54,34,10,450,4500.00,2019-10-22 15:04:48.621725
531,2019102201002694,HURJA,32,42,20,104,2080.00,2019-10-22 15:04:48.621725
532,2019102201002695,SANIMA,57,47,185,310,57350.00,2019-10-22 15:04:48.621725
533,2019102201002696,SANIMA,57,55,205,310,63550.00,2019-10-22 15:04:48.621725
534,2019102201002697,SHIVM,14,34,146,481,70226.00,2019-10-22 15:04:48.621725
535,2019102201002698,UPPER,14,33,96,236,22656.00,2019-10-22 15:04:48.621725
536,2019102201002699,TRH,57,55,100,285,28500.00,2019-10-22 15:04:48.621725
537,2019102201002700,SIC,25,59,10,480,4800.00,2019-10-22 15:04:48.621725
538,2019102201002701,NIBPO,14,4,16,406,6496.00,2019-10-22 15:04:48.621725
539,2019102201002702,KBL,43,55,900,183,164700.00,2019-10-22 15:04:48.621725
540,2019102201002703,KBL,43,56,100,183,18300.00,2019-10-22 15:04:48.621725
541,2019102201002704,KBL,43,8,200,183,36600.00,2019-10-22 15:04:48.621725
542,2019102201002705,NMBMF,48,1,30,1095,32850.00,2019-10-22 15:04:48.621725
543,2019102201002706,UPPER,58,41,50,235,11750.00,2019-10-22 15:04:48.621725
544,2019102201002707,LBBL,28,40,53,172,9116.00,2019-10-22 15:04:48.621725
545,2019102201002708,PIC,58,59,30,364,10920.00,2019-10-22 15:04:48.621725
546,2019102201002709,LBL,28,57,100,216,21600.00,2019-10-22 15:04:48.621725
547,2019102201002676,GBLBS,5,5,15,310,4650.00,2019-10-22 15:04:48.621725
548,2019102201002677,NCCB,58,48,938,198,185724.00,2019-10-22 15:04:48.621725
549,2019102201002678,EBL,25,35,487,545,265415.00,2019-10-22 15:04:48.621725
550,2019102201002679,EBL,6,35,10,544,5440.00,2019-10-22 15:04:48.621725
551,2019102201002680,ALBSL,48,18,10,378,3780.00,2019-10-22 15:04:48.621725
552,2019102201002681,NIB,8,25,30,441,13230.00,2019-10-22 15:04:48.621725
553,2019102201002682,MBL,14,44,150,225,33750.00,2019-10-22 15:04:48.621725
554,2019102201002683,CBL,49,35,206,143,29458.00,2019-10-22 15:04:48.621725
555,2019102201002684,HDL,33,25,10,1458,14580.00,2019-10-22 15:04:48.621725
556,2019102201002685,NADEP,49,18,20,387,7740.00,2019-10-22 15:04:48.621725
557,2019102201002686,PCBL,14,5,195,265,51675.00,2019-10-22 15:04:48.621725
558,2019102201002687,TRH,57,35,150,285,42750.00,2019-10-22 15:04:48.621725
559,2019102201002688,ILBS,54,38,10,415,4150.00,2019-10-22 15:04:48.621725
560,2019102201002689,RHPL,38,18,10,167,1670.00,2019-10-22 15:04:48.621725
561,2019102201002658,NCCB,58,48,62,198,12276.00,2019-10-22 15:04:48.621725
562,2019102201002659,RHPL,59,41,40,166,6640.00,2019-10-22 15:04:48.621725
563,2019102201002660,SRBL,45,52,160,210,33600.00,2019-10-22 15:04:48.621725
564,2019102201002661,SRBL,3,52,100,210,21000.00,2019-10-22 15:04:48.621725
565,2019102201002662,SRBL,13,52,100,210,21000.00,2019-10-22 15:04:48.621725
566,2019102201002663,SRBL,32,52,140,210,29400.00,2019-10-22 15:04:48.621725
567,2019102201002664,EBL,6,45,12,545,6540.00,2019-10-22 15:04:48.621725
568,2019102201002665,EBL,25,45,13,545,7085.00,2019-10-22 15:04:48.621725
569,2019102201002666,SINDU,29,1,50,124,6200.00,2019-10-22 15:04:48.621725
570,2019102201002667,NICA,53,1,80,388,31040.00,2019-10-22 15:04:48.621725
571,2019102201002668,AKBSL,48,18,10,408,4080.00,2019-10-22 15:04:48.621725
572,2019102201002669,NBB,55,5,300,210,63000.00,2019-10-22 15:04:48.621725
573,2019102201002670,NBB,25,5,200,210,42000.00,2019-10-22 15:04:48.621725
574,2019102201002671,NBB,34,5,50,210,10500.00,2019-10-22 15:04:48.621725
575,2019102201002672,NBB,22,5,50,210,10500.00,2019-10-22 15:04:48.621725
576,2019102201002673,NBB,17,5,200,210,42000.00,2019-10-22 15:04:48.621725
577,2019102201002674,NBB,36,5,100,210,21000.00,2019-10-22 15:04:48.621725
578,2019102201002675,NBB,25,5,400,210,84000.00,2019-10-22 15:04:48.621725
579,2019102201002634,API,40,25,20,109,2180.00,2019-10-22 15:04:48.621725
580,2019102201002635,API,29,25,200,109,21800.00,2019-10-22 15:04:48.621725
581,2019102201002636,API,41,25,30,109,3270.00,2019-10-22 15:04:48.621725
582,2019102201002637,API,25,25,300,109,32700.00,2019-10-22 15:04:48.621725
583,2019102201002638,API,14,25,50,109,5450.00,2019-10-22 15:04:48.621725
584,2019102201002639,API,49,25,100,109,10900.00,2019-10-22 15:04:48.621725
585,2019102201002640,API,25,25,100,109,10900.00,2019-10-22 15:04:48.621725
586,2019102201002641,API,41,25,100,109,10900.00,2019-10-22 15:04:48.621725
587,2019102201002642,API,51,25,150,108,16200.00,2019-10-22 15:04:48.621725
588,2019102201002643,SMFBS,14,41,10,771,7710.00,2019-10-22 15:04:48.621725
589,2019102201002644,SHIVM,14,52,100,481,48100.00,2019-10-22 15:04:48.621725
590,2019102201002645,SHIVM,14,35,10,481,4810.00,2019-10-22 15:04:48.621725
591,2019102201002646,PCBL,14,48,1000,265,265000.00,2019-10-22 15:04:48.621725
592,2019102201002647,HIDCL,6,38,30,136,4080.00,2019-10-22 15:04:48.621725
593,2019102201002648,UPPER,58,41,40,235,9400.00,2019-10-22 15:04:48.621725
594,2019102201002649,NEF,7,19,300,7.9,2370.00,2019-10-22 15:04:48.621725
595,2019102201002650,SBI,16,16,91,404,36764.00,2019-10-22 15:04:48.621725
596,2019102201002651,SBI,42,16,200,404,80800.00,2019-10-22 15:04:48.621725
597,2019102201002652,SBI,17,16,100,404,40400.00,2019-10-22 15:04:48.621725
598,2019102201002653,NCCB,58,57,1600,198,316800.00,2019-10-22 15:04:48.621725
599,2019102201002654,RHPL,16,18,30,166,4980.00,2019-10-22 15:04:48.621725
600,2019102201002655,KKHC,18,38,10,57,570.00,2019-10-22 15:04:48.621725
601,2019102201002656,NLICL,54,44,90,450,40500.00,2019-10-22 15:04:48.621725
602,2019102201002657,NEF,19,17,100,8.05,805.00,2019-10-22 15:04:48.621725
603,2019102201002616,SIL,25,35,118,370,43660.00,2019-10-22 15:04:48.621725
604,2019102201002617,SIL,25,41,111,371,41181.00,2019-10-22 15:04:48.621725
605,2019102201002618,SIL,25,7,30,375,11250.00,2019-10-22 15:04:48.621725
606,2019102201002619,SIL,25,19,20,376,7520.00,2019-10-22 15:04:48.621725
607,2019102201002620,HIDCL,45,18,18,137,2466.00,2019-10-22 15:04:48.621725
608,2019102201002621,UPPER,58,41,50,235,11750.00,2019-10-22 15:04:48.621725
609,2019102201002622,CBL,26,35,50,143,7150.00,2019-10-22 15:04:48.621725
610,2019102201002623,BPCL,33,28,10,364,3640.00,2019-10-22 15:04:48.621725
611,2019102201002624,BPCL,45,28,23,358,8234.00,2019-10-22 15:04:48.621725
612,2019102201002625,SIL,25,22,10,381,3810.00,2019-10-22 15:04:48.621725
613,2019102201002626,SANIMA,38,32,30,309,9270.00,2019-10-22 15:04:48.621725
614,2019102201002627,RHPL,40,18,20,167,3340.00,2019-10-22 15:04:48.621725
615,2019102201002628,KBL,35,55,100,183,18300.00,2019-10-22 15:04:48.621725
616,2019102201002629,HURJA,32,28,20,104,2080.00,2019-10-22 15:04:48.621725
617,2019102201002630,ILBS,54,41,10,415,4150.00,2019-10-22 15:04:48.621725
618,2019102201002631,CIT,14,48,17,1781,30277.00,2019-10-22 15:04:48.621725
619,2019102201002632,GRDBL,13,38,50,102,5100.00,2019-10-22 15:04:48.621725
620,2019102201002633,GRDBL,13,38,250,102,25500.00,2019-10-22 15:04:48.621725
621,2019102201002611,AKBSL,48,41,10,408,4080.00,2019-10-22 15:04:48.621725
622,2019102201002612,AKBSL,48,28,10,408,4080.00,2019-10-22 15:04:48.621725
623,2019102201002613,CIT,34,48,23,1781,40963.00,2019-10-22 15:04:48.621725
624,2019102201002614,RHPL,40,41,40,167,6680.00,2019-10-22 15:04:48.621725
625,2019102201002615,MHNL,6,59,460,80,36800.00,2019-10-22 15:04:48.621725
626,2019102201002602,UPPER,58,54,404,235,94940.00,2019-10-22 15:04:48.621725
627,2019102201002603,MBL,14,38,350,225,78750.00,2019-10-22 15:04:48.621725
628,2019102201002604,RHPL,40,41,40,167,6680.00,2019-10-22 15:04:48.621725
629,2019102201002605,NCCB,57,17,662,198,131076.00,2019-10-22 15:04:48.621725
630,2019102201002606,NCCB,58,17,1338,198,264924.00,2019-10-22 15:04:48.621725
631,2019102201002607,NICA,38,22,26,389,10114.00,2019-10-22 15:04:48.621725
632,2019102201002608,SCB,22,35,10,554,5540.00,2019-10-22 15:04:48.621725
633,2019102201002609,UPPER,58,41,40,235,9400.00,2019-10-22 15:04:48.621725
634,2019102201002610,SINDU,29,1,40,122,4880.00,2019-10-22 15:04:48.621725
635,2019102201002585,ILBS,54,38,10,415,4150.00,2019-10-22 15:04:48.621725
636,2019102201002586,AKBSL,48,41,10,408,4080.00,2019-10-22 15:04:48.621725
637,2019102201002587,UPPER,54,33,404,236,95344.00,2019-10-22 15:04:48.621725
638,2019102201002588,EBL,26,44,200,545,109000.00,2019-10-22 15:04:48.621725
639,2019102201002589,SPARS,58,35,20,519,10380.00,2019-10-22 15:04:48.621725
640,2019102201002590,HIDCL,45,38,30,137,4110.00,2019-10-22 15:04:48.621725
641,2019102201002591,NLIC,28,22,100,777,77700.00,2019-10-22 15:04:48.621725
642,2019102201002592,UIC,7,57,10,257,2570.00,2019-10-22 15:04:48.621725
643,2019102201002593,GLBSL,47,41,10,411,4110.00,2019-10-22 15:04:48.621725
644,2019102201002594,JFL,6,32,200,195,39000.00,2019-10-22 15:04:48.621725
645,2019102201002595,PRVU,40,45,140,265,37100.00,2019-10-22 15:04:48.621725
646,2019102201002596,UIC,5,58,100,255,25500.00,2019-10-22 15:04:48.621725
647,2019102201002597,ILBS,54,41,10,415,4150.00,2019-10-22 15:04:48.621725
648,2019102201002598,EBL,6,44,200,545,109000.00,2019-10-22 15:04:48.621725
649,2019102201002599,EBL,6,11,266,545,144970.00,2019-10-22 15:04:48.621725
650,2019102201002600,UMHL,43,29,13,101,1313.00,2019-10-22 15:04:48.621725
651,2019102201002601,UMHL,43,44,23,101,2323.00,2019-10-22 15:04:48.621725
652,2019102201002578,ALBSL,17,7,30,380,11400.00,2019-10-22 15:04:48.621725
653,2019102201002579,ALBSL,34,25,20,379,7580.00,2019-10-22 15:04:48.621725
654,2019102201002580,ALBSL,25,25,75,378,28350.00,2019-10-22 15:04:48.621725
655,2019102201002581,PRVU,34,45,20,265,5300.00,2019-10-22 15:04:48.621725
656,2019102201002582,SMFBS,14,43,10,775,7750.00,2019-10-22 15:04:48.621725
657,2019102201002583,CZBIL,34,22,125,195,24375.00,2019-10-22 15:04:48.621725
658,2019102201002584,API,7,57,110,110,12100.00,2019-10-22 15:04:48.621725
659,2019102201002568,NBL,14,38,401,316,126716.00,2019-10-22 15:04:48.621725
660,2019102201002569,NBL,32,38,199,316,62884.00,2019-10-22 15:04:48.621725
661,2019102201002570,CBBL,55,58,250,965,241250.00,2019-10-22 15:04:48.621725
662,2019102201002571,SANIMA,38,14,40,309,12360.00,2019-10-22 15:04:48.621725
663,2019102201002572,SANIMA,38,46,500,309,154500.00,2019-10-22 15:04:48.621725
664,2019102201002573,UPPER,41,22,10,236,2360.00,2019-10-22 15:04:48.621725
665,2019102201002574,LBBL,22,33,70,172,12040.00,2019-10-22 15:04:48.621725
666,2019102201002575,LBBL,22,28,96,172,16512.00,2019-10-22 15:04:48.621725
667,2019102201002576,UPPER,41,22,643,236,151748.00,2019-10-22 15:04:48.621725
668,2019102201002577,ALBSL,17,29,10,380,3800.00,2019-10-22 15:04:48.621725
669,2019102201002558,CHCL,14,21,29,415,12035.00,2019-10-22 15:04:48.621725
670,2019102201002559,CHCL,14,57,20,415,8300.00,2019-10-22 15:04:48.621725
671,2019102201002560,SBI,16,28,109,404,44036.00,2019-10-22 15:04:48.621725
672,2019102201002561,MEGA,41,50,50,198,9900.00,2019-10-22 15:04:48.621725
673,2019102201002562,SABSL,57,22,10,448,4480.00,2019-10-22 15:04:48.621725
674,2019102201002563,RBCL,50,36,10,8420,84200.00,2019-10-22 15:04:48.621725
675,2019102201002564,RSDC,33,37,37,316,11692.00,2019-10-22 15:04:48.621725
676,2019102201002565,RSDC,47,37,26,316,8216.00,2019-10-22 15:04:48.621725
677,2019102201002566,UPPER,41,28,40,236,9440.00,2019-10-22 15:04:48.621725
678,2019102201002567,PRVU,16,45,100,265,26500.00,2019-10-22 15:04:48.621725
679,2019102201002544,HPPL,19,6,20,138,2760.00,2019-10-22 15:04:48.621725
680,2019102201002545,MEGA,33,38,1531,197,301607.00,2019-10-22 15:04:48.621725
681,2019102201002546,LBL,56,16,24,215,5160.00,2019-10-22 15:04:48.621725
682,2019102201002547,LBL,56,47,200,215,43000.00,2019-10-22 15:04:48.621725
683,2019102201002548,LBL,56,51,246,216,53136.00,2019-10-22 15:04:48.621725
684,2019102201002549,LBL,56,57,30,216,6480.00,2019-10-22 15:04:48.621725
685,2019102201002550,SRBL,45,7,100,210,21000.00,2019-10-22 15:04:48.621725
686,2019102201002551,CBBL,54,58,50,966,48300.00,2019-10-22 15:04:48.621725
687,2019102201002552,RSDC,33,37,63,316,19908.00,2019-10-22 15:04:48.621725
688,2019102201002553,SHIVM,13,52,40,482,19280.00,2019-10-22 15:04:48.621725
689,2019102201002554,SHIVM,51,52,10,482,4820.00,2019-10-22 15:04:48.621725
690,2019102201002555,SHIVM,34,52,50,481,24050.00,2019-10-22 15:04:48.621725
691,2019102201002556,SHIVM,56,52,200,481,96200.00,2019-10-22 15:04:48.621725
692,2019102201002557,SHIVM,32,52,100,481,48100.00,2019-10-22 15:04:48.621725
693,2019102201002530,MERO,37,49,147,550,80850.00,2019-10-22 15:04:48.621725
694,2019102201002531,SWBBL,11,38,32,914,29248.00,2019-10-22 15:04:48.621725
695,2019102201002532,FOWAD,40,41,20,1273,25460.00,2019-10-22 15:04:48.621725
696,2019102201002533,FOWAD,42,41,29,1273,36917.00,2019-10-22 15:04:48.621725
697,2019102201002534,NABIL,6,25,100,762,76200.00,2019-10-22 15:04:48.621725
698,2019102201002535,NABIL,22,25,40,762,30480.00,2019-10-22 15:04:48.621725
699,2019102201002536,SADBL,5,19,50,138,6900.00,2019-10-22 15:04:48.621725
700,2019102201002537,SADBL,5,19,262,138,36156.00,2019-10-22 15:04:48.621725
701,2019102201002538,RSDC,32,22,25,317,7925.00,2019-10-22 15:04:48.621725
702,2019102201002539,RHPL,40,40,300,169,50700.00,2019-10-22 15:04:48.621725
703,2019102201002540,FOWAD,42,41,49,1273,62377.00,2019-10-22 15:04:48.621725
704,2019102201002541,NABIL,22,35,15,762,11430.00,2019-10-22 15:04:48.621725
705,2019102201002542,NABIL,29,35,10,758,7580.00,2019-10-22 15:04:48.621725
706,2019102201002543,AKBSL,48,29,10,408,4080.00,2019-10-22 15:04:48.621725
707,2019102201002517,NEF,7,25,100,8.06,806.00,2019-10-22 15:04:48.621725
708,2019102201002518,MERO,22,49,20,551,11020.00,2019-10-22 15:04:48.621725
709,2019102201002519,MERO,57,49,100,551,55100.00,2019-10-22 15:04:48.621725
710,2019102201002520,MERO,50,49,50,550,27500.00,2019-10-22 15:04:48.621725
711,2019102201002521,MERO,48,49,400,550,220000.00,2019-10-22 15:04:48.621725
712,2019102201002522,NLIC,16,44,44,778,34232.00,2019-10-22 15:04:48.621725
713,2019102201002523,EBL,6,58,4522,544,2459968.00,2019-10-22 15:04:48.621725
714,2019102201002524,UPPER,41,59,307,236,72452.00,2019-10-22 15:04:48.621725
715,2019102201002525,SHIVM,34,1,50,483,24150.00,2019-10-22 15:04:48.621725
716,2019102201002526,SHIVM,45,1,100,483,48300.00,2019-10-22 15:04:48.621725
717,2019102201002527,SHIVM,51,1,40,482,19280.00,2019-10-22 15:04:48.621725
718,2019102201002528,SHIVM,13,1,210,482,101220.00,2019-10-22 15:04:48.621725
719,2019102201002529,ADBL,56,16,500,412,206000.00,2019-10-22 15:04:48.621725
720,2019102201002493,SIL,53,35,50,370,18500.00,2019-10-22 15:04:48.621725
721,2019102201002494,HGI,16,28,206,270,55620.00,2019-10-22 15:04:48.621725
722,2019102201002495,VLBS,45,17,10,561,5610.00,2019-10-22 15:04:48.621725
723,2019102201002496,ILBS,54,44,10,415,4150.00,2019-10-22 15:04:48.621725
724,2019102201002497,EBL,22,44,50,545,27250.00,2019-10-22 15:04:48.621725
725,2019102201002498,EBL,46,44,50,545,27250.00,2019-10-22 15:04:48.621725
726,2019102201002499,MFIL,21,33,30,127,3810.00,2019-10-22 15:04:48.621725
727,2019102201002500,NMBMF,17,45,10,1097,10970.00,2019-10-22 15:04:48.621725
728,2019102201002501,NMBMF,37,45,85,1096,93160.00,2019-10-22 15:04:48.621725
729,2019102201002502,NMBMF,33,45,50,1095,54750.00,2019-10-22 15:04:48.621725
730,2019102201002503,NADEP,49,44,10,387,3870.00,2019-10-22 15:04:48.621725
731,2019102201002504,MHNL,49,59,60,81,4860.00,2019-10-22 15:04:48.621725
732,2019102201002505,OHL,45,5,100,444,44400.00,2019-10-22 15:04:48.621725
733,2019102201002506,OHL,34,5,50,443,22150.00,2019-10-22 15:04:48.621725
734,2019102201002507,OHL,46,5,10,442,4420.00,2019-10-22 15:04:48.621725
735,2019102201002508,OHL,38,5,100,442,44200.00,2019-10-22 15:04:48.621725
736,2019102201002509,OHL,34,5,50,442,22100.00,2019-10-22 15:04:48.621725
737,2019102201002510,OHL,6,5,50,442,22100.00,2019-10-22 15:04:48.621725
738,2019102201002511,OHL,34,5,10,441,4410.00,2019-10-22 15:04:48.621725
739,2019102201002512,OHL,34,5,50,441,22050.00,2019-10-22 15:04:48.621725
740,2019102201002513,OHL,43,5,25,441,11025.00,2019-10-22 15:04:48.621725
741,2019102201002514,OHL,45,5,18,441,7938.00,2019-10-22 15:04:48.621725
742,2019102201002515,SPARS,58,44,10,519,5190.00,2019-10-22 15:04:48.621725
743,2019102201002516,MEGA,33,41,1000,197,197000.00,2019-10-22 15:04:48.621725
744,2019102201002482,GMFBS,33,44,10,446,4460.00,2019-10-22 15:04:48.621725
745,2019102201002483,CZBIL,37,44,159,194,30846.00,2019-10-22 15:04:48.621725
746,2019102201002484,CZBIL,13,44,341,194,66154.00,2019-10-22 15:04:48.621725
747,2019102201002485,ILBS,26,44,10,415,4150.00,2019-10-22 15:04:48.621725
748,2019102201002486,AKBSL,29,29,10,409,4090.00,2019-10-22 15:04:48.621725
749,2019102201002487,NLBBL,57,5,100,493,49300.00,2019-10-22 15:04:48.621725
750,2019102201002488,NLBBL,46,5,10,492,4920.00,2019-10-22 15:04:48.621725
751,2019102201002489,NLBBL,55,5,143,491,70213.00,2019-10-22 15:04:48.621725
752,2019102201002490,GLBSL,32,7,90,413,37170.00,2019-10-22 15:04:48.621725
753,2019102201002491,GLBSL,34,7,100,412,41200.00,2019-10-22 15:04:48.621725
754,2019102201002492,BOKL,44,8,12,227,2724.00,2019-10-22 15:04:48.621725
755,2019102201002459,NCCB,49,48,500,199,99500.00,2019-10-22 15:04:48.621725
756,2019102201002460,HGI,37,28,33,272,8976.00,2019-10-22 15:04:48.621725
757,2019102201002461,HGI,1,28,50,270,13500.00,2019-10-22 15:04:48.621725
758,2019102201002462,RHPL,16,44,10,166,1660.00,2019-10-22 15:04:48.621725
759,2019102201002463,HURJA,32,58,20,104,2080.00,2019-10-22 15:04:48.621725
760,2019102201002464,AKBSL,39,38,10,409,4090.00,2019-10-22 15:04:48.621725
761,2019102201002465,HDL,58,7,40,1425,57000.00,2019-10-22 15:04:48.621725
762,2019102201002466,HDL,58,25,150,1429,214350.00,2019-10-22 15:04:48.621725
763,2019102201002467,HDL,58,42,50,1430,71500.00,2019-10-22 15:04:48.621725
764,2019102201002468,HDL,58,53,50,1430,71500.00,2019-10-22 15:04:48.621725
765,2019102201002469,PIC,11,8,30,361,10830.00,2019-10-22 15:04:48.621725
766,2019102201002470,PIC,42,8,39,360,14040.00,2019-10-22 15:04:48.621725
767,2019102201002471,RADHI,22,32,11,135,1485.00,2019-10-22 15:04:48.621725
768,2019102201002472,RADHI,22,29,11,135,1485.00,2019-10-22 15:04:48.621725
769,2019102201002473,AKBSL,29,21,10,410,4100.00,2019-10-22 15:04:48.621725
770,2019102201002474,SKBBL,22,5,42,915,38430.00,2019-10-22 15:04:48.621725
771,2019102201002475,SKBBL,39,5,1038,910,944580.00,2019-10-22 15:04:48.621725
772,2019102201002476,ILBS,26,58,10,415,4150.00,2019-10-22 15:04:48.621725
773,2019102201002477,ADBL,14,34,40,411,16440.00,2019-10-22 15:04:48.621725
774,2019102201002478,NABIL,18,35,25,758,18950.00,2019-10-22 15:04:48.621725
775,2019102201002479,NABIL,38,35,10,757,7570.00,2019-10-22 15:04:48.621725
776,2019102201002480,AKBSL,48,44,10,408,4080.00,2019-10-22 15:04:48.621725
777,2019102201002481,PPCL,39,58,10,93,930.00,2019-10-22 15:04:48.621725
778,2019102201002450,AKBSL,39,38,10,409,4090.00,2019-10-22 15:04:48.621725
779,2019102201002451,NCCB,7,48,50,199,9950.00,2019-10-22 15:04:48.621725
780,2019102201002452,ALBSL,34,44,10,379,3790.00,2019-10-22 15:04:48.621725
781,2019102201002453,UIC,52,58,500,256,128000.00,2019-10-22 15:04:48.621725
782,2019102201002454,CLBSL,46,44,10,460,4600.00,2019-10-22 15:04:48.621725
783,2019102201002455,NBB,55,21,100,210,21000.00,2019-10-22 15:04:48.621725
784,2019102201002456,AKBSL,39,38,10,409,4090.00,2019-10-22 15:04:48.621725
785,2019102201002457,GMFBS,32,44,10,445,4450.00,2019-10-22 15:04:48.621725
786,2019102201002458,NICA,46,8,21,390,8190.00,2019-10-22 15:04:48.621725
787,2019102201002436,RHPL,16,44,10,167,1670.00,2019-10-22 15:04:48.621725
788,2019102201002437,NBL,32,43,50,316,15800.00,2019-10-22 15:04:48.621725
789,2019102201002438,MEGA,33,41,300,197,59100.00,2019-10-22 15:04:48.621725
790,2019102201002439,MEGA,33,41,50,197,9850.00,2019-10-22 15:04:48.621725
791,2019102201002440,MHNL,6,51,40,80,3200.00,2019-10-22 15:04:48.621725
792,2019102201002441,SRBL,45,21,10,210,2100.00,2019-10-22 15:04:48.621725
793,2019102201002442,AKBSL,39,38,10,409,4090.00,2019-10-22 15:04:48.621725
794,2019102201002443,KKHC,18,45,100,58,5800.00,2019-10-22 15:04:48.621725
795,2019102201002444,KKHC,18,57,10,58,580.00,2019-10-22 15:04:48.621725
796,2019102201002445,NMBMF,35,58,25,1100,27500.00,2019-10-22 15:04:48.621725
797,2019102201002446,NMBMF,37,58,15,1100,16500.00,2019-10-22 15:04:48.621725
798,2019102201002447,CZBIL,37,19,150,194,29100.00,2019-10-22 15:04:48.621725
799,2019102201002448,RRHP,22,13,10,103,1030.00,2019-10-22 15:04:48.621725
800,2019102201002449,MBL,14,14,250,225,56250.00,2019-10-22 15:04:48.621725
801,2019102201002413,SCB,22,21,10,554,5540.00,2019-10-22 15:04:48.621725
802,2019102201002414,GMFBS,32,44,10,445,4450.00,2019-10-22 15:04:48.621725
803,2019102201002415,RADHI,47,13,12,133,1596.00,2019-10-22 15:04:48.621725
804,2019102201002416,PRVU,26,45,178,264,46992.00,2019-10-22 15:04:48.621725
805,2019102201002417,PRVU,45,45,200,264,52800.00,2019-10-22 15:04:48.621725
806,2019102201002418,PRVU,26,45,50,264,13200.00,2019-10-22 15:04:48.621725
807,2019102201002419,PRVU,32,45,200,264,52800.00,2019-10-22 15:04:48.621725
808,2019102201002420,PRVU,33,45,200,264,52800.00,2019-10-22 15:04:48.621725
809,2019102201002421,PRVU,38,45,400,264,105600.00,2019-10-22 15:04:48.621725
810,2019102201002422,PRVU,33,45,210,264,55440.00,2019-10-22 15:04:48.621725
811,2019102201002423,PRVU,17,45,100,264,26400.00,2019-10-22 15:04:48.621725
812,2019102201002424,PRVU,28,45,1500,264,396000.00,2019-10-22 15:04:48.621725
813,2019102201002425,PRVU,45,45,20,264,5280.00,2019-10-22 15:04:48.621725
814,2019102201002426,PRVU,4,45,22,264,5808.00,2019-10-22 15:04:48.621725
815,2019102201002427,PRVU,58,45,500,264,132000.00,2019-10-22 15:04:48.621725
816,2019102201002428,PRVU,41,45,40,264,10560.00,2019-10-22 15:04:48.621725
817,2019102201002429,PRVU,25,45,100,264,26400.00,2019-10-22 15:04:48.621725
818,2019102201002430,PRVU,16,45,500,264,132000.00,2019-10-22 15:04:48.621725
819,2019102201002431,NBL,32,6,220,316,69520.00,2019-10-22 15:04:48.621725
820,2019102201002432,NADEP,43,44,10,386,3860.00,2019-10-22 15:04:48.621725
821,2019102201002433,RRHP,22,13,10,103,1030.00,2019-10-22 15:04:48.621725
822,2019102201002434,SABSL,29,29,10,449,4490.00,2019-10-22 15:04:48.621725
823,2019102201002435,NBL,32,43,50,316,15800.00,2019-10-22 15:04:48.621725
824,2019102201002387,SJCL,59,11,10,168,1680.00,2019-10-22 15:04:48.621725
825,2019102201002388,SJCL,59,21,20,169,3380.00,2019-10-22 15:04:48.621725
826,2019102201002389,SJCL,59,21,20,169,3380.00,2019-10-22 15:04:48.621725
827,2019102201002390,SJCL,59,48,20,169,3380.00,2019-10-22 15:04:48.621725
828,2019102201002391,SJCL,59,19,20,170,3400.00,2019-10-22 15:04:48.621725
829,2019102201002392,SJCL,59,19,20,170,3400.00,2019-10-22 15:04:48.621725
830,2019102201002393,RADHI,47,13,12,133,1596.00,2019-10-22 15:04:48.621725
831,2019102201002394,SABSL,29,29,10,449,4490.00,2019-10-22 15:04:48.621725
832,2019102201002395,PRVU,26,42,290,264,76560.00,2019-10-22 15:04:48.621725
833,2019102201002396,SJCL,59,22,20,171,3420.00,2019-10-22 15:04:48.621725
834,2019102201002397,SJCL,59,39,300,172,51600.00,2019-10-22 15:04:48.621725
835,2019102201002398,GLBSL,32,44,10,413,4130.00,2019-10-22 15:04:48.621725
836,2019102201002399,RADHI,47,13,11,133,1463.00,2019-10-22 15:04:48.621725
837,2019102201002400,NIB,28,39,79,442,34918.00,2019-10-22 15:04:48.621725
838,2019102201002401,NIB,35,39,200,442,88400.00,2019-10-22 15:04:48.621725
839,2019102201002402,NIB,25,39,100,441,44100.00,2019-10-22 15:04:48.621725
840,2019102201002403,NIB,52,39,300,441,132300.00,2019-10-22 15:04:48.621725
841,2019102201002404,NIB,51,39,50,441,22050.00,2019-10-22 15:04:48.621725
842,2019102201002405,NIB,51,39,444,440,195360.00,2019-10-22 15:04:48.621725
843,2019102201002406,NIB,25,39,700,440,308000.00,2019-10-22 15:04:48.621725
844,2019102201002407,NIB,34,39,50,440,22000.00,2019-10-22 15:04:48.621725
845,2019102201002408,NIB,54,39,100,440,44000.00,2019-10-22 15:04:48.621725
846,2019102201002409,NIB,52,39,800,440,352000.00,2019-10-22 15:04:48.621725
847,2019102201002410,NIB,41,39,20,440,8800.00,2019-10-22 15:04:48.621725
848,2019102201002411,NIB,6,39,50,440,22000.00,2019-10-22 15:04:48.621725
849,2019102201002412,NCCB,45,48,21,199,4179.00,2019-10-22 15:04:48.621725
850,2019102201002377,PIC,16,6,201,361,72561.00,2019-10-22 15:04:48.621725
851,2019102201002378,PIC,49,6,30,361,10830.00,2019-10-22 15:04:48.621725
852,2019102201002379,PIC,25,6,10,360,3600.00,2019-10-22 15:04:48.621725
853,2019102201002380,PIC,8,6,58,360,20880.00,2019-10-22 15:04:48.621725
854,2019102201002381,PIC,6,6,100,360,36000.00,2019-10-22 15:04:48.621725
855,2019102201002382,PIC,28,6,340,360,122400.00,2019-10-22 15:04:48.621725
856,2019102201002383,PIC,42,6,61,360,21960.00,2019-10-22 15:04:48.621725
857,2019102201002384,ADBL,6,34,20,411,8220.00,2019-10-22 15:04:48.621725
858,2019102201002385,EBL,10,44,470,545,256150.00,2019-10-22 15:04:48.621725
859,2019102201002386,NEF,19,25,100,8.06,806.00,2019-10-22 15:04:48.621725
860,2019102201002354,RHPL,59,59,300,168,50400.00,2019-10-22 15:04:48.621725
861,2019102201002355,RHPL,59,41,30,168,5040.00,2019-10-22 15:04:48.621725
862,2019102201002356,RHPL,59,40,400,168,67200.00,2019-10-22 15:04:48.621725
863,2019102201002357,RHPL,59,32,20,168,3360.00,2019-10-22 15:04:48.621725
864,2019102201002358,RHPL,59,40,80,168,13440.00,2019-10-22 15:04:48.621725
865,2019102201002359,RHPL,59,1,200,168,33600.00,2019-10-22 15:04:48.621725
866,2019102201002360,RHPL,59,48,20,168,3360.00,2019-10-22 15:04:48.621725
867,2019102201002361,RHPL,59,49,30,168,5040.00,2019-10-22 15:04:48.621725
868,2019102201002362,AKJCL,49,28,10,54,540.00,2019-10-22 15:04:48.621725
869,2019102201002363,FMDBL,16,45,50,308,15400.00,2019-10-22 15:04:48.621725
870,2019102201002364,RHPL,59,45,500,169,84500.00,2019-10-22 15:04:48.621725
871,2019102201002365,RHPL,59,49,100,170,17000.00,2019-10-22 15:04:48.621725
872,2019102201002366,ADBL,39,14,79,410,32390.00,2019-10-22 15:04:48.621725
873,2019102201002367,ADBL,22,14,20,410,8200.00,2019-10-22 15:04:48.621725
874,2019102201002368,ADBL,6,14,401,410,164410.00,2019-10-22 15:04:48.621725
875,2019102201002369,NLIC,55,41,50,776,38800.00,2019-10-22 15:04:48.621725
876,2019102201002370,NBL,16,51,16,317,5072.00,2019-10-22 15:04:48.621725
877,2019102201002371,NBL,41,51,184,317,58328.00,2019-10-22 15:04:48.621725
878,2019102201002372,FMDBL,4,45,37,308,11396.00,2019-10-22 15:04:48.621725
879,2019102201002373,NBL,41,22,1000,317,317000.00,2019-10-22 15:04:48.621725
880,2019102201002374,NBL,41,49,316,317,100172.00,2019-10-22 15:04:48.621725
881,2019102201002375,NBL,33,49,2000,317,634000.00,2019-10-22 15:04:48.621725
882,2019102201002376,SHL,44,58,300,208,62400.00,2019-10-22 15:04:48.621725
883,2019102201002348,BOKL,44,41,200,227,45400.00,2019-10-22 15:04:48.621725
884,2019102201002349,SBL,51,57,39,289,11271.00,2019-10-22 15:04:48.621725
885,2019102201002350,SBL,51,59,1300,289,375700.00,2019-10-22 15:04:48.621725
886,2019102201002351,SMFBS,14,53,10,775,7750.00,2019-10-22 15:04:48.621725
887,2019102201002352,NICA,28,35,50,387,19350.00,2019-10-22 15:04:48.621725
888,2019102201002353,ALBSL,34,32,20,379,7580.00,2019-10-22 15:04:48.621725
889,2019102201002333,DBBL,38,41,68,125,8500.00,2019-10-22 15:04:48.621725
890,2019102201002334,DBBL,45,41,100,125,12500.00,2019-10-22 15:04:48.621725
891,2019102201002335,DBBL,28,41,99,124,12276.00,2019-10-22 15:04:48.621725
892,2019102201002336,DBBL,34,41,145,124,17980.00,2019-10-22 15:04:48.621725
893,2019102201002337,GBBL,39,28,15,211,3165.00,2019-10-22 15:04:48.621725
894,2019102201002338,SHL,42,58,100,209,20900.00,2019-10-22 15:04:48.621725
895,2019102201002339,EBL,6,41,200,544,108800.00,2019-10-22 15:04:48.621725
896,2019102201002340,SANIMA,32,28,100,308,30800.00,2019-10-22 15:04:48.621725
897,2019102201002341,SANIMA,32,21,50,308,15400.00,2019-10-22 15:04:48.621725
898,2019102201002342,API,37,57,100,110,11000.00,2019-10-22 15:04:48.621725
899,2019102201002343,BPCL,22,22,22,358,7876.00,2019-10-22 15:04:48.621725
900,2019102201002344,NICA,45,55,452,389,175828.00,2019-10-22 15:04:48.621725
901,2019102201002345,NICA,45,5,18,390,7020.00,2019-10-22 15:04:48.621725
902,2019102201002346,JBBL,17,41,162,157,25434.00,2019-10-22 15:04:48.621725
903,2019102201002347,JBBL,45,41,338,156,52728.00,2019-10-22 15:04:48.621725
904,2019102201002313,SINDU,11,22,10,120,1200.00,2019-10-22 15:04:48.621725
905,2019102201002314,MSMBS,1,48,22,465,10230.00,2019-10-22 15:04:48.621725
906,2019102201002315,BARUN,13,22,10,88,880.00,2019-10-22 15:04:48.621725
907,2019102201002316,SAPDBL,42,16,100,121,12100.00,2019-10-22 15:04:48.621725
908,2019102201002317,RHPL,19,1,10,165,1650.00,2019-10-22 15:04:48.621725
909,2019102201002318,RHPL,40,1,20,165,3300.00,2019-10-22 15:04:48.621725
910,2019102201002319,NHDL,7,22,10,95,950.00,2019-10-22 15:04:48.621725
911,2019102201002320,NICA,38,44,301,388,116788.00,2019-10-22 15:04:48.621725
912,2019102201002321,NICA,38,22,301,389,117089.00,2019-10-22 15:04:48.621725
913,2019102201002322,NICA,38,14,150,389,58350.00,2019-10-22 15:04:48.621725
914,2019102201002323,NICA,38,55,548,389,213172.00,2019-10-22 15:04:48.621725
915,2019102201002324,SJCL,45,1,20,167,3340.00,2019-10-22 15:04:48.621725
916,2019102201002325,CZBIL,28,48,700,195,136500.00,2019-10-22 15:04:48.621725
917,2019102201002326,CZBIL,14,48,79,194,15326.00,2019-10-22 15:04:48.621725
918,2019102201002327,CZBIL,34,48,30,194,5820.00,2019-10-22 15:04:48.621725
919,2019102201002328,CZBIL,37,48,191,194,37054.00,2019-10-22 15:04:48.621725
920,2019102201002329,NABIL,17,41,100,758,75800.00,2019-10-22 15:04:48.621725
921,2019102201002330,NABIL,17,41,100,758,75800.00,2019-10-22 15:04:48.621725
922,2019102201002331,NABIL,59,41,15,757,11355.00,2019-10-22 15:04:48.621725
923,2019102201002332,NABIL,38,41,44,757,33308.00,2019-10-22 15:04:48.621725
924,2019102201002300,PLIC,6,38,10,321,3210.00,2019-10-22 15:04:48.621725
925,2019102201002301,SCB,7,41,100,553,55300.00,2019-10-22 15:04:48.621725
926,2019102201002302,PRVU,38,45,238,265,63070.00,2019-10-22 15:04:48.621725
927,2019102201002303,PRVU,52,45,200,265,53000.00,2019-10-22 15:04:48.621725
928,2019102201002304,PRVU,6,45,200,265,53000.00,2019-10-22 15:04:48.621725
929,2019102201002305,PRVU,4,45,1700,265,450500.00,2019-10-22 15:04:48.621725
930,2019102201002306,ADBL,53,53,1000,411,411000.00,2019-10-22 15:04:48.621725
931,2019102201002307,HGI,1,34,50,275,13750.00,2019-10-22 15:04:48.621725
932,2019102201002308,RHPL,19,1,30,165,4950.00,2019-10-22 15:04:48.621725
933,2019102201002309,RADHI,39,51,12,132,1584.00,2019-10-22 15:04:48.621725
934,2019102201002310,SJCL,45,1,20,167,3340.00,2019-10-22 15:04:48.621725
935,2019102201002311,MERO,57,49,11,554,6094.00,2019-10-22 15:04:48.621725
936,2019102201002312,ADBL,59,34,30,411,12330.00,2019-10-22 15:04:48.621725
937,2019102201002284,PRVU,38,43,50,266,13300.00,2019-10-22 15:04:48.621725
938,2019102201002285,PRVU,38,34,950,266,252700.00,2019-10-22 15:04:48.621725
939,2019102201002286,RADHI,39,41,11,132,1452.00,2019-10-22 15:04:48.621725
940,2019102201002287,ADBL,42,38,50,410,20500.00,2019-10-22 15:04:48.621725
941,2019102201002288,ADBL,39,38,421,410,172610.00,2019-10-22 15:04:48.621725
942,2019102201002289,UPCL,32,22,200,77,15400.00,2019-10-22 15:04:48.621725
943,2019102201002290,PICL,28,48,300,437,131100.00,2019-10-22 15:04:48.621725
944,2019102201002291,PICL,6,48,70,436,30520.00,2019-10-22 15:04:48.621725
945,2019102201002292,PICL,6,48,200,436,87200.00,2019-10-22 15:04:48.621725
946,2019102201002293,NICA,38,44,400,388,155200.00,2019-10-22 15:04:48.621725
947,2019102201002294,SICL,19,41,29,726,21054.00,2019-10-22 15:04:48.621725
948,2019102201002295,HURJA,32,1,20,104,2080.00,2019-10-22 15:04:48.621725
949,2019102201002296,SABSL,50,22,10,448,4480.00,2019-10-22 15:04:48.621725
950,2019102201002297,DBBL,49,38,1900,125,237500.00,2019-10-22 15:04:48.621725
951,2019102201002298,DBBL,57,38,68,125,8500.00,2019-10-22 15:04:48.621725
952,2019102201002299,DBBL,38,38,32,125,4000.00,2019-10-22 15:04:48.621725
953,2019102201002265,RHPL,59,45,24,167,4008.00,2019-10-22 15:04:48.621725
954,2019102201002266,ADBL,32,34,10,411,4110.00,2019-10-22 15:04:48.621725
955,2019102201002267,MEGA,41,45,26,197,5122.00,2019-10-22 15:04:48.621725
956,2019102201002268,MEGA,41,50,24,198,4752.00,2019-10-22 15:04:48.621725
957,2019102201002269,UPCL,22,51,50,76,3800.00,2019-10-22 15:04:48.621725
958,2019102201002270,SCB,17,45,20,555,11100.00,2019-10-22 15:04:48.621725
959,2019102201002271,RHPL,19,1,30,165,4950.00,2019-10-22 15:04:48.621725
960,2019102201002272,LBBL,42,10,200,171,34200.00,2019-10-22 15:04:48.621725
961,2019102201002273,NABIL,34,38,50,759,37950.00,2019-10-22 15:04:48.621725
962,2019102201002274,NABIL,36,38,115,758,87170.00,2019-10-22 15:04:48.621725
963,2019102201002275,NABIL,18,38,50,757,37850.00,2019-10-22 15:04:48.621725
964,2019102201002276,NABIL,59,38,85,757,64345.00,2019-10-22 15:04:48.621725
965,2019102201002277,NICA,28,7,35,387,13545.00,2019-10-22 15:04:48.621725
966,2019102201002278,MEGA,53,53,1000,197,197000.00,2019-10-22 15:04:48.621725
967,2019102201002279,EBL,6,57,340,545,185300.00,2019-10-22 15:04:48.621725
968,2019102201002280,SJCL,45,1,20,167,3340.00,2019-10-22 15:04:48.621725
969,2019102201002281,RHPC,33,45,106,78,8268.00,2019-10-22 15:04:48.621725
970,2019102201002282,RHPC,33,16,19,78,1482.00,2019-10-22 15:04:48.621725
971,2019102201002283,RHPC,33,16,19,78,1482.00,2019-10-22 15:04:48.621725
972,2019102201002251,HURJA,32,1,20,104,2080.00,2019-10-22 15:04:48.621725
973,2019102201002252,JFL,1,32,22,196,4312.00,2019-10-22 15:04:48.621725
974,2019102201002253,JFL,6,32,500,195,97500.00,2019-10-22 15:04:48.621725
975,2019102201002254,RHPL,19,1,30,165,4950.00,2019-10-22 15:04:48.621725
976,2019102201002255,RHPL,59,1,30,166,4980.00,2019-10-22 15:04:48.621725
977,2019102201002256,RHPL,59,58,30,166,4980.00,2019-10-22 15:04:48.621725
978,2019102201002257,RHPL,59,39,314,167,52438.00,2019-10-22 15:04:48.621725
979,2019102201002258,RHPL,59,22,50,167,8350.00,2019-10-22 15:04:48.621725
980,2019102201002259,RHPL,59,52,1000,167,167000.00,2019-10-22 15:04:48.621725
981,2019102201002260,RHPL,59,45,1976,167,329992.00,2019-10-22 15:04:48.621725
982,2019102201002261,SJCL,45,1,20,167,3340.00,2019-10-22 15:04:48.621725
983,2019102201002262,AKBSL,26,38,10,410,4100.00,2019-10-22 15:04:48.621725
984,2019102201002263,AKBSL,26,38,10,410,4100.00,2019-10-22 15:04:48.621725
985,2019102201002264,AKBSL,26,22,10,410,4100.00,2019-10-22 15:04:48.621725
986,2019102201002226,JBBL,17,32,38,157,5966.00,2019-10-22 15:04:48.621725
987,2019102201002227,KBL,43,4,70,182,12740.00,2019-10-22 15:04:48.621725
988,2019102201002228,KBL,43,4,250,182,45500.00,2019-10-22 15:04:48.621725
989,2019102201002229,KBL,43,3,240,182,43680.00,2019-10-22 15:04:48.621725
990,2019102201002230,KBL,43,7,40,182,7280.00,2019-10-22 15:04:48.621725
991,2019102201002231,NLICL,19,38,12,452,5424.00,2019-10-22 15:04:48.621725
992,2019102201002232,NLICL,6,38,40,452,18080.00,2019-10-22 15:04:48.621725
993,2019102201002233,NLICL,26,38,70,451,31570.00,2019-10-22 15:04:48.621725
994,2019102201002234,NLICL,51,38,50,450,22500.00,2019-10-22 15:04:48.621725
995,2019102201002235,NLICL,45,38,70,450,31500.00,2019-10-22 15:04:48.621725
996,2019102201002236,NLICL,54,38,100,450,45000.00,2019-10-22 15:04:48.621725
997,2019102201002237,NIB,38,58,500,442,221000.00,2019-10-22 15:04:48.621725
998,2019102201002238,SJCL,45,58,20,167,3340.00,2019-10-22 15:04:48.621725
999,2019102201002239,CZBIL,28,26,200,195,39000.00,2019-10-22 15:04:48.621725
1000,2019102201002240,CZBIL,28,41,100,195,19500.00,2019-10-22 15:04:48.621725
1001,2019102201002241,NTC,55,59,50,620,31000.00,2019-10-22 15:04:48.621725
1002,2019102201002242,NTC,21,59,500,619,309500.00,2019-10-22 15:04:48.621725
1003,2019102201002243,MBL,38,35,150,224,33600.00,2019-10-22 15:04:48.621725
1004,2019102201002244,MBL,38,49,400,224,89600.00,2019-10-22 15:04:48.621725
1005,2019102201002245,PCBL,17,45,100,266,26600.00,2019-10-22 15:04:48.621725
1006,2019102201002246,JFL,1,28,78,196,15288.00,2019-10-22 15:04:48.621725
1007,2019102201002247,NHPC,7,47,200,54,10800.00,2019-10-22 15:04:48.621725
1008,2019102201002248,NTC,59,36,10,624,6240.00,2019-10-22 15:04:48.621725
1009,2019102201002249,NIB,28,58,421,442,186082.00,2019-10-22 15:04:48.621725
1010,2019102201002250,LEMF,47,32,1000,6.96,6960.00,2019-10-22 15:04:48.621725
1011,2019102201002217,LLBS,18,16,10,660,6600.00,2019-10-22 15:04:48.621725
1012,2019102201002218,PCBL,53,53,5000,265,1325000.00,2019-10-22 15:04:48.621725
1013,2019102201002219,NBL,7,52,50,318,15900.00,2019-10-22 15:04:48.621725
1014,2019102201002220,SDESI,57,4,18,608,10944.00,2019-10-22 15:04:48.621725
1015,2019102201002221,SJCL,45,1,20,167,3340.00,2019-10-22 15:04:48.621725
1016,2019102201002222,NMBMF,33,1,20,1100,22000.00,2019-10-22 15:04:48.621725
1017,2019102201002223,SRBL,45,21,30,210,6300.00,2019-10-22 15:04:48.621725
1018,2019102201002224,SHINE,21,58,90,253,22770.00,2019-10-22 15:04:48.621725
1019,2019102201002225,SHINE,14,58,260,252,65520.00,2019-10-22 15:04:48.621725
1020,2019102201002198,ADBL,22,38,115,411,47265.00,2019-10-22 15:04:48.621725
1021,2019102201002199,ADBL,45,38,30,411,12330.00,2019-10-22 15:04:48.621725
1022,2019102201002200,LBBL,43,33,70,172,12040.00,2019-10-22 15:04:48.621725
1023,2019102201002201,LBBL,45,33,30,172,5160.00,2019-10-22 15:04:48.621725
1024,2019102201002202,NCCB,7,48,107,199,21293.00,2019-10-22 15:04:48.621725
1025,2019102201002203,NMBMF,33,1,30,1100,33000.00,2019-10-22 15:04:48.621725
1026,2019102201002204,GBBL,13,32,91,212,19292.00,2019-10-22 15:04:48.621725
1027,2019102201002205,RHPL,59,26,30,166,4980.00,2019-10-22 15:04:48.621725
1028,2019102201002206,RHPL,59,38,40,166,6640.00,2019-10-22 15:04:48.621725
1029,2019102201002207,RHPL,59,38,40,166,6640.00,2019-10-22 15:04:48.621725
1030,2019102201002208,RHPL,59,38,40,166,6640.00,2019-10-22 15:04:48.621725
1031,2019102201002209,RHPL,59,38,50,166,8300.00,2019-10-22 15:04:48.621725
1032,2019102201002210,RHPL,59,38,500,166,83000.00,2019-10-22 15:04:48.621725
1033,2019102201002211,PRVU,38,40,111,265,29415.00,2019-10-22 15:04:48.621725
1034,2019102201002212,GBBL,35,32,200,211,42200.00,2019-10-22 15:04:48.621725
1035,2019102201002213,GBBL,39,32,109,211,22999.00,2019-10-22 15:04:48.621725
1036,2019102201002214,FMDBL,39,45,13,309,4017.00,2019-10-22 15:04:48.621725
1037,2019102201002215,FMDBL,42,45,50,308,15400.00,2019-10-22 15:04:48.621725
1038,2019102201002216,FMDBL,37,45,50,308,15400.00,2019-10-22 15:04:48.621725
1039,2019102201002194,NCCB,5,48,50,199,9950.00,2019-10-22 15:04:48.621725
1040,2019102201002195,PRVU,6,40,40,265,10600.00,2019-10-22 15:04:48.621725
1041,2019102201002196,SCB,21,33,10,557,5570.00,2019-10-22 15:04:48.621725
1042,2019102201002197,SANIMA,38,42,100,307,30700.00,2019-10-22 15:04:48.621725
1043,2019102201002184,PRVU,59,45,161,265,42665.00,2019-10-22 15:04:48.621725
1044,2019102201002185,PRVU,59,52,339,265,89835.00,2019-10-22 15:04:48.621725
1045,2019102201002186,PRVU,38,52,10,265,2650.00,2019-10-22 15:04:48.621725
1046,2019102201002187,MEGA,40,50,10,198,1980.00,2019-10-22 15:04:48.621725
1047,2019102201002188,PRVU,59,52,151,265,40015.00,2019-10-22 15:04:48.621725
1048,2019102201002189,PRVU,59,40,349,265,92485.00,2019-10-22 15:04:48.621725
1049,2019102201002190,SFFIL,21,1,25,198,4950.00,2019-10-22 15:04:48.621725
1050,2019102201002191,PRVU,59,40,500,265,132500.00,2019-10-22 15:04:48.621725
1051,2019102201002192,KBL,7,4,14,182,2548.00,2019-10-22 15:04:48.621725
1052,2019102201002193,RSDC,17,17,2,310,620.00,2019-10-22 15:04:48.621725
1053,2019102201002175,LICN,29,6,25,987,24675.00,2019-10-22 15:04:48.621725
1054,2019102201002176,EBL,6,57,10,545,5450.00,2019-10-22 15:04:48.621725
1055,2019102201002177,EBL,56,57,200,545,109000.00,2019-10-22 15:04:48.621725
1056,2019102201002178,EBL,26,57,50,545,27250.00,2019-10-22 15:04:48.621725
1057,2019102201002179,EBL,32,57,400,545,218000.00,2019-10-22 15:04:48.621725
1058,2019102201002180,UPPER,33,59,10,237,2370.00,2019-10-22 15:04:48.621725
1059,2019102201002181,RSDC,17,17,2,310,620.00,2019-10-22 15:04:48.621725
1060,2019102201002182,UPPER,40,59,186,236,43896.00,2019-10-22 15:04:48.621725
1061,2019102201002183,MEGA,33,13,1000,197,197000.00,2019-10-22 15:04:48.621725
1062,2019102201002160,BOKL,44,58,84,227,19068.00,2019-10-22 15:04:48.621725
1063,2019102201002161,RSDC,33,38,13,314,4082.00,2019-10-22 15:04:48.621725
1064,2019102201002162,NCCB,57,37,50,198,9900.00,2019-10-22 15:04:48.621725
1065,2019102201002163,NBB,21,33,300,211,63300.00,2019-10-22 15:04:48.621725
1066,2019102201002164,HIDCL,7,43,31,137,4247.00,2019-10-22 15:04:48.621725
1067,2019102201002165,MBL,14,35,100,224,22400.00,2019-10-22 15:04:48.621725
1068,2019102201002166,NIB,42,58,60,442,26520.00,2019-10-22 15:04:48.621725
1069,2019102201002167,NIB,42,58,100,442,44200.00,2019-10-22 15:04:48.621725
1070,2019102201002168,NIB,59,58,200,442,88400.00,2019-10-22 15:04:48.621725
1071,2019102201002169,NIB,49,58,70,442,30940.00,2019-10-22 15:04:48.621725
1072,2019102201002170,NIB,48,58,40,442,17680.00,2019-10-22 15:04:48.621725
1073,2019102201002171,UPPER,40,36,10,236,2360.00,2019-10-22 15:04:48.621725
1074,2019102201002172,UPPER,40,38,40,236,9440.00,2019-10-22 15:04:48.621725
1075,2019102201002173,NIBSF1,7,26,200,8.6,1720.00,2019-10-22 15:04:48.621725
1076,2019102201002174,PCBL,14,22,100,265,26500.00,2019-10-22 15:04:48.621725
1077,2019102201002144,EBL,25,58,200,546,109200.00,2019-10-22 15:04:48.621725
1078,2019102201002145,PRVU,11,29,274,265,72610.00,2019-10-22 15:04:48.621725
1079,2019102201002146,PRVU,11,10,500,265,132500.00,2019-10-22 15:04:48.621725
1080,2019102201002147,PRVU,11,45,226,265,59890.00,2019-10-22 15:04:48.621725
1081,2019102201002148,NLIC,4,58,124,775,96100.00,2019-10-22 15:04:48.621725
1082,2019102201002149,NBL,16,5,41,317,12997.00,2019-10-22 15:04:48.621725
1083,2019102201002150,NBL,45,5,30,317,9510.00,2019-10-22 15:04:48.621725
1084,2019102201002151,NBL,41,5,29,317,9193.00,2019-10-22 15:04:48.621725
1085,2019102201002152,SBL,26,7,50,288,14400.00,2019-10-22 15:04:48.621725
1086,2019102201002153,NGPL,42,58,13,99,1287.00,2019-10-22 15:04:48.621725
1087,2019102201002154,NICA,28,22,55,387,21285.00,2019-10-22 15:04:48.621725
1088,2019102201002155,EIC,7,13,230,222,51060.00,2019-10-22 15:04:48.621725
1089,2019102201002156,CBL,6,38,27,143,3861.00,2019-10-22 15:04:48.621725
1090,2019102201002157,CBL,26,38,30,143,4290.00,2019-10-22 15:04:48.621725
1091,2019102201002158,NBL,41,58,21,317,6657.00,2019-10-22 15:04:48.621725
1092,2019102201002159,NBL,16,58,184,317,58328.00,2019-10-22 15:04:48.621725
1093,2019102201002133,UPPER,7,36,10,236,2360.00,2019-10-22 15:04:48.621725
1094,2019102201002134,DBBL,49,57,100,125,12500.00,2019-10-22 15:04:48.621725
1095,2019102201002135,EBL,25,22,100,546,54600.00,2019-10-22 15:04:48.621725
1096,2019102201002136,NBB,57,33,2000,211,422000.00,2019-10-22 15:04:48.621725
1097,2019102201002137,PRVU,26,29,300,265,79500.00,2019-10-22 15:04:48.621725
1098,2019102201002138,MHNL,22,59,40,81,3240.00,2019-10-22 15:04:48.621725
1099,2019102201002139,RSDC,7,22,50,317,15850.00,2019-10-22 15:04:48.621725
1100,2019102201002140,SANIMA,38,7,25,307,7675.00,2019-10-22 15:04:48.621725
1101,2019102201002141,NSEWA,57,38,10,376,3760.00,2019-10-22 15:04:48.621725
1102,2019102201002142,NSEWA,57,45,10,378,3780.00,2019-10-22 15:04:48.621725
1103,2019102201002143,NSEWA,57,45,80,378,30240.00,2019-10-22 15:04:48.621725
1104,2019102201002127,UPPER,38,38,5,235,1175.00,2019-10-22 15:04:48.621725
1105,2019102201002128,CZBIL,14,48,41,194,7954.00,2019-10-22 15:04:48.621725
1106,2019102201002129,GRDBL,21,59,50,103,5150.00,2019-10-22 15:04:48.621725
1107,2019102201002130,CCBL,34,48,10,152,1520.00,2019-10-22 15:04:48.621725
1108,2019102201002131,NIL,52,35,10,353,3530.00,2019-10-22 15:04:48.621725
1109,2019102201002132,PRVU,4,29,2000,265,530000.00,2019-10-22 15:04:48.621725
1110,2019102201002115,UPPER,58,51,50,235,11750.00,2019-10-22 15:04:48.621725
1111,2019102201002116,API,7,57,107,110,11770.00,2019-10-22 15:04:48.621725
1112,2019102201002117,NADEP,45,51,10,385,3850.00,2019-10-22 15:04:48.621725
1113,2019102201002118,MHNL,22,59,60,81,4860.00,2019-10-22 15:04:48.621725
1114,2019102201002119,MEGA,33,50,25,198,4950.00,2019-10-22 15:04:48.621725
1115,2019102201002120,NICA,28,48,39,387,15093.00,2019-10-22 15:04:48.621725
1116,2019102201002121,UPPER,38,38,3,235,705.00,2019-10-22 15:04:48.621725
1117,2019102201002122,LLBS,57,56,27,650,17550.00,2019-10-22 15:04:48.621725
1118,2019102201002123,RMDC,37,16,27,605,16335.00,2019-10-22 15:04:48.621725
1119,2019102201002124,GBBL,13,48,10,212,2120.00,2019-10-22 15:04:48.621725
1120,2019102201002125,PRVU,33,29,25,265,6625.00,2019-10-22 15:04:48.621725
1121,2019102201002126,NBB,49,16,110,211,23210.00,2019-10-22 15:04:48.621725
1122,2019102201002103,EBL,52,44,30,547,16410.00,2019-10-22 15:04:48.621725
1123,2019102201002104,GMFIL,28,28,83,115,9545.00,2019-10-22 15:04:48.621725
1124,2019102201002105,UPPER,58,51,50,235,11750.00,2019-10-22 15:04:48.621725
1125,2019102201002106,PRIN,57,47,100,309,30900.00,2019-10-22 15:04:48.621725
1126,2019102201002107,HURJA,32,45,20,104,2080.00,2019-10-22 15:04:48.621725
1127,2019102201002108,HURJA,32,41,20,104,2080.00,2019-10-22 15:04:48.621725
1128,2019102201002109,NLICL,52,25,15,455,6825.00,2019-10-22 15:04:48.621725
1129,2019102201002110,UPPER,58,51,40,235,9400.00,2019-10-22 15:04:48.621725
1130,2019102201002111,HDL,50,7,50,1425,71250.00,2019-10-22 15:04:48.621725
1131,2019102201002112,SKBBL,14,57,100,920,92000.00,2019-10-22 15:04:48.621725
1132,2019102201002113,UPPER,58,51,50,235,11750.00,2019-10-22 15:04:48.621725
1133,2019102201002114,NEF,7,19,128,7.91,1012.48,2019-10-22 15:04:48.621725
1134,2019102201002091,MEGA,41,49,50,198,9900.00,2019-10-22 15:04:48.621725
1135,2019102201002092,AKPL,7,47,50,136,6800.00,2019-10-22 15:04:48.621725
1136,2019102201002093,NIBPO,52,4,37,406,15022.00,2019-10-22 15:04:48.621725
1137,2019102201002094,NIBPO,52,4,64,406,25984.00,2019-10-22 15:04:48.621725
1138,2019102201002095,SABSL,50,51,10,448,4480.00,2019-10-22 15:04:48.621725
1139,2019102201002096,API,45,57,110,110,12100.00,2019-10-22 15:04:48.621725
1140,2019102201002097,NLIC,32,57,25,778,19450.00,2019-10-22 15:04:48.621725
1141,2019102201002098,NMBMF,41,46,50,1095,54750.00,2019-10-22 15:04:48.621725
1142,2019102201002099,NMBMF,41,46,76,1098,83448.00,2019-10-22 15:04:48.621725
1143,2019102201002100,NMBMF,41,42,75,1100,82500.00,2019-10-22 15:04:48.621725
1144,2019102201002101,NMBMF,41,58,200,1100,220000.00,2019-10-22 15:04:48.621725
1145,2019102201002102,NMBMF,41,36,15,1102,16530.00,2019-10-22 15:04:48.621725
1146,2019102201002081,NLIC,4,34,394,775,305350.00,2019-10-22 15:04:48.621725
1147,2019102201002082,NLIC,4,5,50,776,38800.00,2019-10-22 15:04:48.621725
1148,2019102201002083,NLIC,4,4,1000,776,776000.00,2019-10-22 15:04:48.621725
1149,2019102201002084,NCCB,57,57,57,198,11286.00,2019-10-22 15:04:48.621725
1150,2019102201002085,SABSL,50,51,10,448,4480.00,2019-10-22 15:04:48.621725
1151,2019102201002086,SABSL,50,51,10,448,4480.00,2019-10-22 15:04:48.621725
1152,2019102201002087,RHPL,54,11,10,165,1650.00,2019-10-22 15:04:48.621725
1153,2019102201002088,PCBL,36,57,300,265,79500.00,2019-10-22 15:04:48.621725
1154,2019102201002089,PCBL,14,57,48,265,12720.00,2019-10-22 15:04:48.621725
1155,2019102201002090,AKJCL,7,22,110,54,5940.00,2019-10-22 15:04:48.621725
1156,2019102201002067,NICA,28,22,55,389,21395.00,2019-10-22 15:04:48.621725
1157,2019102201002068,RHPL,54,38,40,165,6600.00,2019-10-22 15:04:48.621725
1158,2019102201002069,SABSL,57,51,10,448,4480.00,2019-10-22 15:04:48.621725
1159,2019102201002070,NICA,28,44,199,388,77212.00,2019-10-22 15:04:48.621725
1160,2019102201002071,NICA,36,44,100,388,38800.00,2019-10-22 15:04:48.621725
1161,2019102201002072,SABSL,57,51,10,448,4480.00,2019-10-22 15:04:48.621725
1162,2019102201002073,API,45,6,490,110,53900.00,2019-10-22 15:04:48.621725
1163,2019102201002074,SJCL,45,38,20,167,3340.00,2019-10-22 15:04:48.621725
1164,2019102201002075,SABSL,57,51,10,448,4480.00,2019-10-22 15:04:48.621725
1165,2019102201002076,HPPL,19,45,10,138,1380.00,2019-10-22 15:04:48.621725
1166,2019102201002077,HPPL,19,45,10,138,1380.00,2019-10-22 15:04:48.621725
1167,2019102201002078,MEGA,33,57,190,197,37430.00,2019-10-22 15:04:48.621725
1168,2019102201002079,CBBL,54,25,50,966,48300.00,2019-10-22 15:04:48.621725
1169,2019102201002080,SABSL,57,51,10,448,4480.00,2019-10-22 15:04:48.621725
1170,2019102201002066,SJCL,33,38,20,168,3360.00,2019-10-22 15:04:48.621725
1171,2019102201002060,RHPL,54,38,40,165,6600.00,2019-10-22 15:04:48.621725
1172,2019102201002061,JFL,45,32,30,196,5880.00,2019-10-22 15:04:48.621725
1173,2019102201002062,JFL,35,32,200,196,39200.00,2019-10-22 15:04:48.621725
1174,2019102201002063,JFL,19,32,1000,195,195000.00,2019-10-22 15:04:48.621725
1175,2019102201002064,MNBBL,35,4,32,310,9920.00,2019-10-22 15:04:48.621725
1176,2019102201002065,MNBBL,35,6,10,312,3120.00,2019-10-22 15:04:48.621725
1177,2019102201002052,MEGA,36,51,90,197,17730.00,2019-10-22 15:04:48.621725
1178,2019102201002053,MEGA,36,57,10,197,1970.00,2019-10-22 15:04:48.621725
1179,2019102201002054,NLG,19,5,10,570,5700.00,2019-10-22 15:04:48.621725
1180,2019102201002055,SPARS,45,22,10,520,5200.00,2019-10-22 15:04:48.621725
1181,2019102201002056,NLICL,19,35,88,452,39776.00,2019-10-22 15:04:48.621725
1182,2019102201002057,GMFBS,38,38,10,453,4530.00,2019-10-22 15:04:48.621725
1183,2019102201002058,SABSL,57,51,10,448,4480.00,2019-10-22 15:04:48.621725
1184,2019102201002059,NMBMF,26,46,50,1095,54750.00,2019-10-22 15:04:48.621725
1185,2019102201002047,PRVU,26,54,151,264,39864.00,2019-10-22 15:04:48.621725
1186,2019102201002048,SPARS,45,38,10,520,5200.00,2019-10-22 15:04:48.621725
1187,2019102201002049,NIBPO,4,4,43,406,17458.00,2019-10-22 15:04:48.621725
1188,2019102201002050,UPPER,58,54,50,235,11750.00,2019-10-22 15:04:48.621725
1189,2019102201002051,PRVU,41,29,30,265,7950.00,2019-10-22 15:04:48.621725
1190,2019102201002034,RLFL,1,48,447,109,48723.00,2019-10-22 15:04:48.621725
1191,2019102201002035,LBL,28,16,500,215,107500.00,2019-10-22 15:04:48.621725
1192,2019102201002036,PPCL,22,22,30,94,2820.00,2019-10-22 15:04:48.621725
1193,2019102201002037,LICN,34,49,40,980,39200.00,2019-10-22 15:04:48.621725
1194,2019102201002038,MBL,54,7,100,223,22300.00,2019-10-22 15:04:48.621725
1195,2019102201002039,RHPL,54,38,40,165,6600.00,2019-10-22 15:04:48.621725
1196,2019102201002040,ADBL,45,16,10,412,4120.00,2019-10-22 15:04:48.621725
1197,2019102201002041,SJCL,33,38,20,168,3360.00,2019-10-22 15:04:48.621725
1198,2019102201002042,HBL,32,16,444,492,218448.00,2019-10-22 15:04:48.621725
1199,2019102201002043,HBL,32,16,515,492,253380.00,2019-10-22 15:04:48.621725
1200,2019102201002044,NBB,55,6,500,210,105000.00,2019-10-22 15:04:48.621725
1201,2019102201002045,SAEF,7,57,100,9.13,913.00,2019-10-22 15:04:48.621725
1202,2019102201002046,SIC,35,59,10,474,4740.00,2019-10-22 15:04:48.621725
1203,2019102201002019,SWBBL,28,28,202,915,184830.00,2019-10-22 15:04:48.621725
1204,2019102201002020,RHPL,54,38,40,165,6600.00,2019-10-22 15:04:48.621725
1205,2019102201002021,KRBL,58,48,500,101,50500.00,2019-10-22 15:04:48.621725
1206,2019102201002022,API,36,57,121,110,13310.00,2019-10-22 15:04:48.621725
1207,2019102201002023,API,11,57,199,110,21890.00,2019-10-22 15:04:48.621725
1208,2019102201002024,SJCL,33,38,20,168,3360.00,2019-10-22 15:04:48.621725
1209,2019102201002025,KRBL,59,48,200,100,20000.00,2019-10-22 15:04:48.621725
1210,2019102201002026,KRBL,59,48,800,100,80000.00,2019-10-22 15:04:48.621725
1211,2019102201002027,KRBL,57,48,500,100,50000.00,2019-10-22 15:04:48.621725
1212,2019102201002028,KRBL,34,48,300,100,30000.00,2019-10-22 15:04:48.621725
1213,2019102201002029,KRBL,57,48,45,99,4455.00,2019-10-22 15:04:48.621725
1214,2019102201002030,SPARS,45,38,10,520,5200.00,2019-10-22 15:04:48.621725
1215,2019102201002031,RLFL,16,48,10,110,1100.00,2019-10-22 15:04:48.621725
1216,2019102201002032,RLFL,52,48,50,109,5450.00,2019-10-22 15:04:48.621725
1217,2019102201002033,RLFL,22,48,100,109,10900.00,2019-10-22 15:04:48.621725
1218,2019102201002011,SPARS,45,38,10,520,5200.00,2019-10-22 15:04:48.621725
1219,2019102201002012,RADHI,17,29,12,134,1608.00,2019-10-22 15:04:48.621725
1220,2019102201002013,UPPER,58,38,40,235,9400.00,2019-10-22 15:04:48.621725
1221,2019102201002014,CFCL,13,48,50,105,5250.00,2019-10-22 15:04:48.621725
1222,2019102201002015,CFCL,52,48,39,105,4095.00,2019-10-22 15:04:48.621725
1223,2019102201002016,EBL,41,57,19,545,10355.00,2019-10-22 15:04:48.621725
1224,2019102201002017,SRBL,45,35,600,210,126000.00,2019-10-22 15:04:48.621725
1225,2019102201002018,CBL,6,57,150,143,21450.00,2019-10-22 15:04:48.621725
1226,2019102201002002,NIL,52,35,150,355,53250.00,2019-10-22 15:04:48.621725
1227,2019102201002003,API,25,7,21,110,2310.00,2019-10-22 15:04:48.621725
1228,2019102201002004,API,36,7,79,110,8690.00,2019-10-22 15:04:48.621725
1229,2019102201002005,MBL,57,49,1025,223,228575.00,2019-10-22 15:04:48.621725
1230,2019102201002006,MBL,33,49,40,223,8920.00,2019-10-22 15:04:48.621725
1231,2019102201002007,MBL,54,49,161,223,35903.00,2019-10-22 15:04:48.621725
1232,2019102201002008,SHIVM,19,32,100,484,48400.00,2019-10-22 15:04:48.621725
1233,2019102201002009,MEGA,45,25,90,197,17730.00,2019-10-22 15:04:48.621725
1234,2019102201002010,MEGA,45,51,10,197,1970.00,2019-10-22 15:04:48.621725
1235,2019102201001994,RHPL,54,38,40,165,6600.00,2019-10-22 15:04:48.621725
1236,2019102201001995,JFL,58,17,24,198,4752.00,2019-10-22 15:04:48.621725
1237,2019102201001996,PROFL,28,56,150,96,14400.00,2019-10-22 15:04:48.621725
1238,2019102201001997,SJCL,33,38,20,168,3360.00,2019-10-22 15:04:48.621725
1239,2019102201001998,PCBL,13,53,141,265,37365.00,2019-10-22 15:04:48.621725
1240,2019102201001999,PCBL,13,43,500,265,132500.00,2019-10-22 15:04:48.621725
1241,2019102201002000,NMFBS,45,10,50,1705,85250.00,2019-10-22 15:04:48.621725
1242,2019102201002001,PRVU,26,57,18,264,4752.00,2019-10-22 15:04:48.621725
1243,2019102201001992,SJCL,33,38,20,168,3360.00,2019-10-22 15:04:48.621725
1244,2019102201001993,MNBBL,6,48,20,309,6180.00,2019-10-22 15:04:48.621725
1245,2019102201001982,NLIC,32,34,26,774,20124.00,2019-10-22 15:04:48.621725
1246,2019102201001983,MNBBL,33,4,58,310,17980.00,2019-10-22 15:04:48.621725
1247,2019102201001984,SABSL,57,38,10,448,4480.00,2019-10-22 15:04:48.621725
1248,2019102201001985,GBBL,13,29,68,212,14416.00,2019-10-22 15:04:48.621725
1249,2019102201001986,NIB,45,53,20,443,8860.00,2019-10-22 15:04:48.621725
1250,2019102201001987,NIB,42,53,40,442,17680.00,2019-10-22 15:04:48.621725
1251,2019102201001988,RHPL,54,38,40,165,6600.00,2019-10-22 15:04:48.621725
1252,2019102201001989,ADBL,22,57,85,411,34935.00,2019-10-22 15:04:48.621725
1253,2019102201001990,PRIN,55,48,300,308,92400.00,2019-10-22 15:04:48.621725
1254,2019102201001991,PRVU,26,4,100,264,26400.00,2019-10-22 15:04:48.621725
1255,2019102201001967,NMFBS,33,55,50,1700,85000.00,2019-10-22 15:04:48.621725
1256,2019102201001968,SPARS,45,38,10,520,5200.00,2019-10-22 15:04:48.621725
1257,2019102201001969,SJCL,33,53,20,168,3360.00,2019-10-22 15:04:48.621725
1258,2019102201001970,NUBL,14,58,20,870,17400.00,2019-10-22 15:04:48.621725
1259,2019102201001971,NUBL,14,52,100,871,87100.00,2019-10-22 15:04:48.621725
1260,2019102201001972,DDBL,38,52,25,730,18250.00,2019-10-22 15:04:48.621725
1261,2019102201001973,DDBL,38,42,75,730,54750.00,2019-10-22 15:04:48.621725
1262,2019102201001974,SICL,36,43,100,730,73000.00,2019-10-22 15:04:48.621725
1263,2019102201001975,NBB,55,4,100,210,21000.00,2019-10-22 15:04:48.621725
1264,2019102201001976,RHPL,54,38,50,165,8250.00,2019-10-22 15:04:48.621725
1265,2019102201001977,SABSL,57,38,10,448,4480.00,2019-10-22 15:04:48.621725
1266,2019102201001978,EBL,50,59,100,546,54600.00,2019-10-22 15:04:48.621725
1267,2019102201001979,DDBL,37,42,16,730,11680.00,2019-10-22 15:04:48.621725
1268,2019102201001980,SJCL,33,38,20,168,3360.00,2019-10-22 15:04:48.621725
1269,2019102201001981,SKBBL,14,25,20,920,18400.00,2019-10-22 15:04:48.621725
1270,2019102201001946,RHPL,54,38,50,165,8250.00,2019-10-22 15:04:48.621725
1271,2019102201001947,CCBL,32,4,33,152,5016.00,2019-10-22 15:04:48.621725
1272,2019102201001948,CCBL,34,4,167,152,25384.00,2019-10-22 15:04:48.621725
1273,2019102201001949,NMBMF,49,38,10,1090,10900.00,2019-10-22 15:04:48.621725
1274,2019102201001950,NMBMF,45,38,27,1090,29430.00,2019-10-22 15:04:48.621725
1275,2019102201001951,SWBBL,14,41,100,918,91800.00,2019-10-22 15:04:48.621725
1276,2019102201001952,SWBBL,14,26,97,920,89240.00,2019-10-22 15:04:48.621725
1277,2019102201001953,SWBBL,14,7,100,920,92000.00,2019-10-22 15:04:48.621725
1278,2019102201001954,PLIC,33,38,70,320,22400.00,2019-10-22 15:04:48.621725
1279,2019102201001955,PLIC,39,38,105,319,33495.00,2019-10-22 15:04:48.621725
1280,2019102201001956,NBL,22,25,37,318,11766.00,2019-10-22 15:04:48.621725
1281,2019102201001957,NBL,22,52,43,318,13674.00,2019-10-22 15:04:48.621725
1282,2019102201001958,GBBL,40,4,19,212,4028.00,2019-10-22 15:04:48.621725
1283,2019102201001959,GBBL,13,4,331,212,70172.00,2019-10-22 15:04:48.621725
1284,2019102201001960,SJCL,33,38,20,168,3360.00,2019-10-22 15:04:48.621725
1285,2019102201001961,NLIC,1,53,10,773,7730.00,2019-10-22 15:04:48.621725
1286,2019102201001962,NLIC,58,53,34,773,26282.00,2019-10-22 15:04:48.621725
1287,2019102201001963,SKBBL,22,35,10,916,9160.00,2019-10-22 15:04:48.621725
1288,2019102201001964,SKBBL,19,35,60,916,54960.00,2019-10-22 15:04:48.621725
1289,2019102201001965,SKBBL,14,35,30,915,27450.00,2019-10-22 15:04:48.621725
1290,2019102201001966,GLICL,25,4,58,352,20416.00,2019-10-22 15:04:48.621725
1291,2019102201001933,RHPL,54,38,40,165,6600.00,2019-10-22 15:04:48.621725
1292,2019102201001934,SJCL,33,38,10,168,1680.00,2019-10-22 15:04:48.621725
1293,2019102201001935,SABSL,57,38,10,448,4480.00,2019-10-22 15:04:48.621725
1294,2019102201001936,SHIVM,34,4,50,483,24150.00,2019-10-22 15:04:48.621725
1295,2019102201001937,LICN,17,22,100,973,97300.00,2019-10-22 15:04:48.621725
1296,2019102201001938,LICN,47,22,46,972,44712.00,2019-10-22 15:04:48.621725
1297,2019102201001939,SMFBS,57,38,10,770,7700.00,2019-10-22 15:04:48.621725
1298,2019102201001940,NLIC,4,35,50,773,38650.00,2019-10-22 15:04:48.621725
1299,2019102201001941,NLIC,54,35,10,773,7730.00,2019-10-22 15:04:48.621725
1300,2019102201001942,NLIC,1,35,40,773,30920.00,2019-10-22 15:04:48.621725
1301,2019102201001943,MBL,14,49,74,224,16576.00,2019-10-22 15:04:48.621725
1302,2019102201001944,NICA,28,22,200,388,77600.00,2019-10-22 15:04:48.621725
1303,2019102201001945,SHL,44,34,200,208,41600.00,2019-10-22 15:04:48.621725
1304,2019102201001924,ILBS,18,38,10,416,4160.00,2019-10-22 15:04:48.621725
1305,2019102201001925,SABSL,57,38,10,448,4480.00,2019-10-22 15:04:48.621725
1306,2019102201001926,PRVU,26,4,50,264,13200.00,2019-10-22 15:04:48.621725
1307,2019102201001927,NIL,51,35,27,352,9504.00,2019-10-22 15:04:48.621725
1308,2019102201001928,SABSL,57,38,10,448,4480.00,2019-10-22 15:04:48.621725
1309,2019102201001929,SBL,46,57,70,289,20230.00,2019-10-22 15:04:48.621725
1310,2019102201001930,HGI,37,37,50,272,13600.00,2019-10-22 15:04:48.621725
1311,2019102201001931,RHPL,54,38,10,165,1650.00,2019-10-22 15:04:48.621725
1312,2019102201001932,RHPL,54,38,40,165,6600.00,2019-10-22 15:04:48.621725
1313,2019102201001904,SJCL,44,38,20,167,3340.00,2019-10-22 15:04:48.621725
1314,2019102201001905,GLICL,25,4,100,352,35200.00,2019-10-22 15:04:48.621725
1315,2019102201001906,NBB,17,35,100,210,21000.00,2019-10-22 15:04:48.621725
1316,2019102201001907,NBB,22,35,100,210,21000.00,2019-10-22 15:04:48.621725
1317,2019102201001908,NBL,16,5,50,317,15850.00,2019-10-22 15:04:48.621725
1318,2019102201001909,NCCB,19,59,17,198,3366.00,2019-10-22 15:04:48.621725
1319,2019102201001910,NCCB,19,6,160,199,31840.00,2019-10-22 15:04:48.621725
1320,2019102201001911,NCCB,19,48,23,199,4577.00,2019-10-22 15:04:48.621725
1321,2019102201001912,KBL,44,4,66,182,12012.00,2019-10-22 15:04:48.621725
1322,2019102201001913,SABSL,40,38,10,448,4480.00,2019-10-22 15:04:48.621725
1323,2019102201001914,SJCL,44,32,2630,167,439210.00,2019-10-22 15:04:48.621725
1324,2019102201001915,SJCL,33,29,150,168,25200.00,2019-10-22 15:04:48.621725
1325,2019102201001916,SJCL,33,43,200,168,33600.00,2019-10-22 15:04:48.621725
1326,2019102201001917,SJCL,33,42,20,168,3360.00,2019-10-22 15:04:48.621725
1327,2019102201001918,PRVU,47,29,100,265,26500.00,2019-10-22 15:04:48.621725
1328,2019102201001919,SABSL,40,38,10,448,4480.00,2019-10-22 15:04:48.621725
1329,2019102201001920,SBI,57,45,21,404,8484.00,2019-10-22 15:04:48.621725
