S.N,Contract_No,Stock_Symbol,Buyer_Broker,Seller_Broker,Quantity,Rate,Amount,Date
1,2019102401004303,UPPER,38,48,20,238,4760.00,2019-10-24 21:31:58.149799
2,2019102401004304,UPPER,41,48,30,238,7140.00,2019-10-24 21:31:58.149799
3,2019102401004305,NADEP,7,49,16,400,6400.00,2019-10-24 21:31:58.149799
4,2019102401004306,NADEP,39,49,20,400,8000.00,2019-10-24 21:31:58.149799
5,2019102401004307,SLICL,4,1,10,267,2670.00,2019-10-24 21:31:58.149799
6,2019102401004308,NICA,35,36,500,412,206000.00,2019-10-24 21:31:58.149799
7,2019102401004309,SHIVM,54,50,300,493,147900.00,2019-10-24 21:31:58.149799
8,2019102401004310,RHPL,59,44,40,178,7120.00,2019-10-24 21:31:58.149799
9,2019102401004311,GLICL,16,26,30,360,10800.00,2019-10-24 21:31:58.149799
10,2019102401004312,CBL,32,42,170,143,24310.00,2019-10-24 21:31:58.149799
11,2019102401004313,RHPL,54,6,30,179,5370.00,2019-10-24 21:31:58.149799
12,2019102401004314,RHPL,54,54,30,179,5370.00,2019-10-24 21:31:58.149799
13,2019102401004315,RHPL,54,40,150,179,26850.00,2019-10-24 21:31:58.149799
14,2019102401004316,RHPL,54,40,100,179,17900.00,2019-10-24 21:31:58.149799
15,2019102401004317,NICA,35,8,337,413,139181.00,2019-10-24 21:31:58.149799
16,2019102401004318,NICA,35,41,1500,413,619500.00,2019-10-24 21:31:58.149799
17,2019102401004319,NICA,35,28,500,413,206500.00,2019-10-24 21:31:58.149799
18,2019102401004320,NICA,35,41,500,413,206500.00,2019-10-24 21:31:58.149799
19,2019102401004321,NICA,35,33,250,413,103250.00,2019-10-24 21:31:58.149799
20,2019102401004322,NICA,35,22,100,413,41300.00,2019-10-24 21:31:58.149799
21,2019102401004323,FOWAD,16,33,20,1290,25800.00,2019-10-24 21:31:58.149799
22,2019102401004324,FOWAD,16,50,14,1290,18060.00,2019-10-24 21:31:58.149799
23,2019102401004325,NCCB,50,34,158,202,31916.00,2019-10-24 21:31:58.149799
24,2019102401004326,RBCLPO,59,59,10,7271,72710.00,2019-10-24 21:31:58.149799
25,2019102401004327,RBCLPO,39,59,19,7270,138130.00,2019-10-24 21:31:58.149799
26,2019102401004328,SIL,39,38,933,382,356406.00,2019-10-24 21:31:58.149799
27,2019102401004329,NCCB,33,25,20,203,4060.00,2019-10-24 21:31:58.149799
28,2019102401004330,RHPL,54,48,40,179,7160.00,2019-10-24 21:31:58.149799
29,2019102401004331,SRBL,6,35,200,213,42600.00,2019-10-24 21:31:58.149799
30,2019102401004332,NICA,35,8,812,412,334544.00,2019-10-24 21:31:58.149799
31,2019102401004333,NICA,42,8,188,412,77456.00,2019-10-24 21:31:58.149799
32,2019102401004334,NLIC,29,13,46,800,36800.00,2019-10-24 21:31:58.149799
33,2019102401004335,NLIC,7,13,40,800,32000.00,2019-10-24 21:31:58.149799
34,2019102401004336,NLIC,5,13,50,800,40000.00,2019-10-24 21:31:58.149799
35,2019102401004337,IGI,49,28,1866,283,528078.00,2019-10-24 21:31:58.149799
36,2019102401004338,MNBBL,39,48,150,311,46650.00,2019-10-24 21:31:58.149799
37,2019102401004339,EDBL,56,57,100,270,27000.00,2019-10-24 21:31:58.149799
38,2019102401004340,RBCL,37,46,47,8270,388690.00,2019-10-24 21:31:58.149799
39,2019102401004341,LICN,19,22,50,1000,50000.00,2019-10-24 21:31:58.149799
40,2019102401004342,MEGA,14,25,500,200,100000.00,2019-10-24 21:31:58.149799
41,2019102401004343,RHPL,54,44,40,179,7160.00,2019-10-24 21:31:58.149799
42,2019102401004344,UPPER,41,13,50,238,11900.00,2019-10-24 21:31:58.149799
43,2019102401004345,SRBL,6,47,100,213,21300.00,2019-10-24 21:31:58.149799
44,2019102401004346,SLICL,43,17,100,265,26500.00,2019-10-24 21:31:58.149799
45,2019102401004347,PCBL,36,53,500,265,132500.00,2019-10-24 21:31:58.149799
46,2019102401004348,PIC,50,6,60,365,21900.00,2019-10-24 21:31:58.149799
47,2019102401004349,PIC,13,6,200,365,73000.00,2019-10-24 21:31:58.149799
48,2019102401004350,PIC,34,6,200,365,73000.00,2019-10-24 21:31:58.149799
49,2019102401004351,PIC,41,6,20,365,7300.00,2019-10-24 21:31:58.149799
50,2019102401004352,FMDBL,57,45,18,318,5724.00,2019-10-24 21:31:58.149799
51,2019102401004353,FMDBL,57,45,18,318,5724.00,2019-10-24 21:31:58.149799
52,2019102401004354,FMDBL,57,58,10,319,3190.00,2019-10-24 21:31:58.149799
53,2019102401004355,SJCL,1,37,20,174,3480.00,2019-10-24 21:31:58.149799
54,2019102401004356,SJCL,44,37,765,174,133110.00,2019-10-24 21:31:58.149799
55,2019102401004357,CFCL,55,25,165,113,18645.00,2019-10-24 21:31:58.149799
56,2019102401004358,CFCL,55,42,200,114,22800.00,2019-10-24 21:31:58.149799
57,2019102401004359,CFCL,55,25,200,114,22800.00,2019-10-24 21:31:58.149799
58,2019102401004360,CFCL,55,25,35,115,4025.00,2019-10-24 21:31:58.149799
59,2019102401004361,RMDC,49,34,290,623,180670.00,2019-10-24 21:31:58.149799
60,2019102401004362,SHIVM,54,16,470,493,231710.00,2019-10-24 21:31:58.149799
61,2019102401004363,KBL,54,13,39,185,7215.00,2019-10-24 21:31:58.149799
62,2019102401004364,KBL,49,13,1461,185,270285.00,2019-10-24 21:31:58.149799
63,2019102401004365,NICA,25,33,500,414,207000.00,2019-10-24 21:31:58.149799
64,2019102401004366,NICA,25,33,500,414,207000.00,2019-10-24 21:31:58.149799
65,2019102401004367,NICA,42,29,12,412,4944.00,2019-10-24 21:31:58.149799
66,2019102401004368,AKBSL,48,50,25,409,10225.00,2019-10-24 21:31:58.149799
67,2019102401004369,AKBSL,57,50,65,408,26520.00,2019-10-24 21:31:58.149799
68,2019102401004370,CZBIL,6,44,478,197,94166.00,2019-10-24 21:31:58.149799
69,2019102401004371,CZBIL,6,28,22,197,4334.00,2019-10-24 21:31:58.149799
70,2019102401004372,FOWAD,16,54,10,1290,12900.00,2019-10-24 21:31:58.149799
71,2019102401004373,KBL,25,45,10,186,1860.00,2019-10-24 21:31:58.149799
72,2019102401004374,NCCB,50,48,1300,202,262600.00,2019-10-24 21:31:58.149799
73,2019102401004375,MEGA,14,25,200,200,40000.00,2019-10-24 21:31:58.149799
74,2019102401004376,SABSL,28,57,60,448,26880.00,2019-10-24 21:31:58.149799
75,2019102401004377,SABSL,29,57,40,448,17920.00,2019-10-24 21:31:58.149799
76,2019102401004378,NLICL,10,56,50,455,22750.00,2019-10-24 21:31:58.149799
77,2019102401004379,NLICL,44,56,500,455,227500.00,2019-10-24 21:31:58.149799
78,2019102401004380,RHPL,19,21,10,180,1800.00,2019-10-24 21:31:58.149799
79,2019102401004381,UPPER,59,44,500,239,119500.00,2019-10-24 21:31:58.149799
80,2019102401004382,BOKL,14,22,30,230,6900.00,2019-10-24 21:31:58.149799
81,2019102401004383,BOKL,14,38,970,230,223100.00,2019-10-24 21:31:58.149799
82,2019102401004384,ALICL,28,36,94,315,29610.00,2019-10-24 21:31:58.149799
83,2019102401004385,NTC,43,19,10,631,6310.00,2019-10-24 21:31:58.149799
84,2019102401004386,NTC,43,59,10,632,6320.00,2019-10-24 21:31:58.149799
85,2019102401004387,SJCL,10,47,10,176,1760.00,2019-10-24 21:31:58.149799
86,2019102401004388,MEGA,34,11,100,201,20100.00,2019-10-24 21:31:58.149799
87,2019102401004389,FMDBL,49,49,60,315,18900.00,2019-10-24 21:31:58.149799
88,2019102401004390,FMDBL,42,49,40,315,12600.00,2019-10-24 21:31:58.149799
89,2019102401004391,GRDBL,43,47,10,104,1040.00,2019-10-24 21:31:58.149799
90,2019102401004392,NABIL,58,44,10,768,7680.00,2019-10-24 21:31:58.149799
91,2019102401004393,GUFL,6,7,20,113,2260.00,2019-10-24 21:31:58.149799
92,2019102401004394,MEGA,14,25,200,200,40000.00,2019-10-24 21:31:58.149799
93,2019102401004395,GBLBS,18,38,130,315,40950.00,2019-10-24 21:31:58.149799
94,2019102401004396,PIC,8,6,10,369,3690.00,2019-10-24 21:31:58.149799
95,2019102401004397,MBL,35,34,100,230,23000.00,2019-10-24 21:31:58.149799
96,2019102401004398,NBL,6,22,40,318,12720.00,2019-10-24 21:31:58.149799
97,2019102401004399,NIL,49,55,370,370,136900.00,2019-10-24 21:31:58.149799
98,2019102401004400,NIL,42,55,130,370,48100.00,2019-10-24 21:31:58.149799
99,2019102401004401,MERO,29,1,200,561,112200.00,2019-10-24 21:31:58.149799
100,2019102401004402,UPPER,41,48,50,238,11900.00,2019-10-24 21:31:58.149799
101,2019102401004403,NICA,35,44,556,411,228516.00,2019-10-24 21:31:58.149799
102,2019102401004404,PRVU,44,4,700,266,186200.00,2019-10-24 21:31:58.149799
103,2019102401004405,CZBIL,28,28,978,197,192666.00,2019-10-24 21:31:58.149799
104,2019102401004406,CZBIL,28,1,22,197,4334.00,2019-10-24 21:31:58.149799
105,2019102401004407,RHPL,54,37,400,179,71600.00,2019-10-24 21:31:58.149799
106,2019102401004408,RHPL,59,21,10,180,1800.00,2019-10-24 21:31:58.149799
107,2019102401004409,RHPL,59,49,40,180,7200.00,2019-10-24 21:31:58.149799
108,2019102401004410,RHPL,59,55,30,180,5400.00,2019-10-24 21:31:58.149799
109,2019102401004411,RHPL,59,49,40,180,7200.00,2019-10-24 21:31:58.149799
110,2019102401004412,RHPL,59,49,40,180,7200.00,2019-10-24 21:31:58.149799
111,2019102401004413,RHPL,59,49,40,180,7200.00,2019-10-24 21:31:58.149799
112,2019102401004414,RHPL,59,51,40,180,7200.00,2019-10-24 21:31:58.149799
113,2019102401004415,RHPL,59,49,40,180,7200.00,2019-10-24 21:31:58.149799
114,2019102401004416,RHPL,59,49,40,180,7200.00,2019-10-24 21:31:58.149799
115,2019102401004417,RHPL,59,49,40,180,7200.00,2019-10-24 21:31:58.149799
116,2019102401004418,RHPL,59,49,40,180,7200.00,2019-10-24 21:31:58.149799
117,2019102401004419,RHPL,59,49,40,180,7200.00,2019-10-24 21:31:58.149799
118,2019102401004420,RHPL,59,49,40,180,7200.00,2019-10-24 21:31:58.149799
119,2019102401004421,RHPL,59,49,40,180,7200.00,2019-10-24 21:31:58.149799
120,2019102401004422,RHPL,59,58,700,180,126000.00,2019-10-24 21:31:58.149799
121,2019102401004423,RHPL,59,49,40,180,7200.00,2019-10-24 21:31:58.149799
122,2019102401004424,RHPL,59,49,40,180,7200.00,2019-10-24 21:31:58.149799
123,2019102401004425,RHPL,59,3,40,180,7200.00,2019-10-24 21:31:58.149799
124,2019102401004426,RHPL,59,39,500,180,90000.00,2019-10-24 21:31:58.149799
125,2019102401004427,RHPL,59,11,200,180,36000.00,2019-10-24 21:31:58.149799
126,2019102401004428,NBL,33,48,50,320,16000.00,2019-10-24 21:31:58.149799
127,2019102401004429,BOKL,32,5,100,229,22900.00,2019-10-24 21:31:58.149799
128,2019102401004430,BOKL,49,5,1736,228,395808.00,2019-10-24 21:31:58.149799
129,2019102401004431,BOKL,51,5,100,228,22800.00,2019-10-24 21:31:58.149799
130,2019102401004432,BOKL,57,5,100,228,22800.00,2019-10-24 21:31:58.149799
131,2019102401004433,BOKL,25,5,100,228,22800.00,2019-10-24 21:31:58.149799
132,2019102401004434,BOKL,26,5,1000,228,228000.00,2019-10-24 21:31:58.149799
133,2019102401004435,BOKL,45,5,210,228,47880.00,2019-10-24 21:31:58.149799
134,2019102401004436,BOKL,26,5,300,228,68400.00,2019-10-24 21:31:58.149799
135,2019102401004437,BOKL,37,5,20,228,4560.00,2019-10-24 21:31:58.149799
136,2019102401004438,BOKL,51,5,150,228,34200.00,2019-10-24 21:31:58.149799
137,2019102401004439,BOKL,52,5,200,228,45600.00,2019-10-24 21:31:58.149799
138,2019102401004440,BOKL,26,5,100,227,22700.00,2019-10-24 21:31:58.149799
139,2019102401004441,BOKL,44,5,884,227,200668.00,2019-10-24 21:31:58.149799
140,2019102401004442,JBBL,35,26,10,160,1600.00,2019-10-24 21:31:58.149799
141,2019102401004214,NLIC,29,56,54,800,43200.00,2019-10-24 21:31:58.149799
142,2019102401004215,MLBL,58,45,20,213,4260.00,2019-10-24 21:31:58.149799
143,2019102401004216,SHL,6,58,200,208,41600.00,2019-10-24 21:31:58.149799
144,2019102401004217,SHL,17,58,400,208,83200.00,2019-10-24 21:31:58.149799
145,2019102401004218,SHL,48,58,100,208,20800.00,2019-10-24 21:31:58.149799
146,2019102401004219,SHL,58,58,100,208,20800.00,2019-10-24 21:31:58.149799
147,2019102401004220,SHL,57,58,100,208,20800.00,2019-10-24 21:31:58.149799
148,2019102401004221,SHL,25,58,100,208,20800.00,2019-10-24 21:31:58.149799
149,2019102401004222,SHL,11,58,250,208,52000.00,2019-10-24 21:31:58.149799
150,2019102401004223,NBL,43,48,10,320,3200.00,2019-10-24 21:31:58.149799
151,2019102401004224,CBL,51,56,182,142,25844.00,2019-10-24 21:31:58.149799
152,2019102401004225,NABIL,5,58,200,755,151000.00,2019-10-24 21:31:58.149799
153,2019102401004226,SBL,38,52,25,296,7400.00,2019-10-24 21:31:58.149799
154,2019102401004227,EBL,26,35,100,557,55700.00,2019-10-24 21:31:58.149799
155,2019102401004228,NABIL,21,58,50,755,37750.00,2019-10-24 21:31:58.149799
156,2019102401004229,CBBL,25,45,50,971,48550.00,2019-10-24 21:31:58.149799
157,2019102401004230,PRVU,38,58,18,267,4806.00,2019-10-24 21:31:58.149799
158,2019102401004231,SCB,26,26,154,567,87318.00,2019-10-24 21:31:58.149799
159,2019102401004232,SCB,36,26,10,567,5670.00,2019-10-24 21:31:58.149799
160,2019102401004233,SCB,44,26,36,566,20376.00,2019-10-24 21:31:58.149799
161,2019102401004234,LBL,49,32,400,218,87200.00,2019-10-24 21:31:58.149799
162,2019102401004235,LBL,49,32,200,218,43600.00,2019-10-24 21:31:58.149799
163,2019102401004236,LBL,49,17,670,219,146730.00,2019-10-24 21:31:58.149799
164,2019102401004237,LBL,49,43,500,219,109500.00,2019-10-24 21:31:58.149799
165,2019102401004238,LBL,49,38,2000,219,438000.00,2019-10-24 21:31:58.149799
166,2019102401004239,LBL,49,34,750,220,165000.00,2019-10-24 21:31:58.149799
167,2019102401004240,LBL,49,39,2000,220,440000.00,2019-10-24 21:31:58.149799
168,2019102401004241,LBL,49,25,500,220,110000.00,2019-10-24 21:31:58.149799
169,2019102401004242,LBL,49,39,846,220,186120.00,2019-10-24 21:31:58.149799
170,2019102401004243,CZBIL,6,13,297,196,58212.00,2019-10-24 21:31:58.149799
171,2019102401004244,RHPL,59,44,40,178,7120.00,2019-10-24 21:31:58.149799
172,2019102401004245,NABIL,11,58,100,755,75500.00,2019-10-24 21:31:58.149799
173,2019102401004246,SRBL,50,47,50,214,10700.00,2019-10-24 21:31:58.149799
174,2019102401004247,PCBL,51,52,160,263,42080.00,2019-10-24 21:31:58.149799
175,2019102401004248,SJCL,44,43,20,175,3500.00,2019-10-24 21:31:58.149799
176,2019102401004249,SJCL,44,35,500,175,87500.00,2019-10-24 21:31:58.149799
177,2019102401004250,NICA,49,8,200,413,82600.00,2019-10-24 21:31:58.149799
178,2019102401004251,BPCL,33,39,33,367,12111.00,2019-10-24 21:31:58.149799
179,2019102401004252,BPCL,33,54,17,368,6256.00,2019-10-24 21:31:58.149799
180,2019102401004253,BNT,39,33,10,6324,63240.00,2019-10-24 21:31:58.149799
181,2019102401004254,NABIL,25,58,100,755,75500.00,2019-10-24 21:31:58.149799
182,2019102401004255,NLIC,6,14,15,801,12015.00,2019-10-24 21:31:58.149799
183,2019102401004256,API,41,34,500,111,55500.00,2019-10-24 21:31:58.149799
184,2019102401004257,SHL,39,48,3183,207,658881.00,2019-10-24 21:31:58.149799
185,2019102401004258,FOWAD,16,59,80,1290,103200.00,2019-10-24 21:31:58.149799
186,2019102401004259,RHPL,59,44,40,178,7120.00,2019-10-24 21:31:58.149799
187,2019102401004260,NADEP,7,42,10,400,4000.00,2019-10-24 21:31:58.149799
188,2019102401004261,DDBL,49,33,172,730,125560.00,2019-10-24 21:31:58.149799
189,2019102401004262,PICL,6,54,20,440,8800.00,2019-10-24 21:31:58.149799
190,2019102401004263,SABSL,28,48,10,448,4480.00,2019-10-24 21:31:58.149799
191,2019102401004264,RHPL,50,6,10,179,1790.00,2019-10-24 21:31:58.149799
192,2019102401004265,FOWAD,16,56,10,1290,12900.00,2019-10-24 21:31:58.149799
193,2019102401004266,NABIL,14,58,100,755,75500.00,2019-10-24 21:31:58.149799
194,2019102401004267,SPDL,17,47,10,81,810.00,2019-10-24 21:31:58.149799
195,2019102401004268,SIL,39,56,160,382,61120.00,2019-10-24 21:31:58.149799
196,2019102401004269,API,25,41,90,112,10080.00,2019-10-24 21:31:58.149799
197,2019102401004270,NABIL,26,58,27,755,20385.00,2019-10-24 21:31:58.149799
198,2019102401004271,NBL,17,22,50,319,15950.00,2019-10-24 21:31:58.149799
199,2019102401004272,RHPL,59,43,40,178,7120.00,2019-10-24 21:31:58.149799
200,2019102401004273,NABIL,34,58,100,755,75500.00,2019-10-24 21:31:58.149799
201,2019102401004274,PRVU,34,58,50,267,13350.00,2019-10-24 21:31:58.149799
202,2019102401004275,NLG,49,25,10,561,5610.00,2019-10-24 21:31:58.149799
203,2019102401004276,HDL,38,5,100,1470,147000.00,2019-10-24 21:31:58.149799
204,2019102401004277,NBL,32,22,10,319,3190.00,2019-10-24 21:31:58.149799
205,2019102401004278,RHPL,59,13,40,178,7120.00,2019-10-24 21:31:58.149799
206,2019102401004279,IGI,49,28,134,283,37922.00,2019-10-24 21:31:58.149799
207,2019102401004280,RHPL,59,44,40,178,7120.00,2019-10-24 21:31:58.149799
208,2019102401004281,NLICL,43,56,27,457,12339.00,2019-10-24 21:31:58.149799
209,2019102401004282,NLICL,43,44,10,458,4580.00,2019-10-24 21:31:58.149799
210,2019102401004283,MLBL,14,45,980,213,208740.00,2019-10-24 21:31:58.149799
211,2019102401004284,MLBL,14,21,20,214,4280.00,2019-10-24 21:31:58.149799
212,2019102401004285,PRVU,48,58,640,267,170880.00,2019-10-24 21:31:58.149799
213,2019102401004286,SICL,35,35,155,735,113925.00,2019-10-24 21:31:58.149799
214,2019102401004287,HGI,51,51,20,276,5520.00,2019-10-24 21:31:58.149799
215,2019102401004288,HGI,55,51,98,275,26950.00,2019-10-24 21:31:58.149799
216,2019102401004289,HGI,42,51,150,275,41250.00,2019-10-24 21:31:58.149799
217,2019102401004290,AKJCL,49,55,41,53,2173.00,2019-10-24 21:31:58.149799
218,2019102401004291,SICL,19,34,100,738,73800.00,2019-10-24 21:31:58.149799
219,2019102401004292,SICL,19,56,100,739,73900.00,2019-10-24 21:31:58.149799
220,2019102401004293,NABIL,41,58,100,755,75500.00,2019-10-24 21:31:58.149799
221,2019102401004294,LGIL,37,17,10,318,3180.00,2019-10-24 21:31:58.149799
222,2019102401004295,SHL,39,58,6817,207,1411119.00,2019-10-24 21:31:58.149799
223,2019102401004296,SHL,11,58,300,207,62100.00,2019-10-24 21:31:58.149799
224,2019102401004297,SHL,32,58,200,207,41400.00,2019-10-24 21:31:58.149799
225,2019102401004298,SHL,34,58,400,207,82800.00,2019-10-24 21:31:58.149799
226,2019102401004299,SHL,35,58,100,207,20700.00,2019-10-24 21:31:58.149799
227,2019102401004300,MBL,35,52,1000,230,230000.00,2019-10-24 21:31:58.149799
228,2019102401004301,SJCL,1,43,20,174,3480.00,2019-10-24 21:31:58.149799
229,2019102401004302,SIC,6,59,172,468,80496.00,2019-10-24 21:31:58.149799
230,2019102401004136,PICL,51,49,30,433,12990.00,2019-10-24 21:31:58.149799
231,2019102401004137,PICL,51,49,50,433,21650.00,2019-10-24 21:31:58.149799
232,2019102401004138,PICL,22,49,10,433,4330.00,2019-10-24 21:31:58.149799
233,2019102401004139,SJCL,1,43,20,174,3480.00,2019-10-24 21:31:58.149799
234,2019102401004140,NMBHF1,58,1,10000,8.7,87000.00,2019-10-24 21:31:58.149799
235,2019102401004141,PLIC,29,18,100,318,31800.00,2019-10-24 21:31:58.149799
236,2019102401004142,PLIC,39,18,10,317,3170.00,2019-10-24 21:31:58.149799
237,2019102401004143,PLIC,13,18,25,317,7925.00,2019-10-24 21:31:58.149799
238,2019102401004144,AKJCL,56,55,500,53,26500.00,2019-10-24 21:31:58.149799
239,2019102401004145,AKJCL,59,55,20,53,1060.00,2019-10-24 21:31:58.149799
240,2019102401004146,UPPER,47,44,200,240,48000.00,2019-10-24 21:31:58.149799
241,2019102401004147,UPPER,41,13,40,239,9560.00,2019-10-24 21:31:58.149799
242,2019102401004148,LGIL,47,17,50,324,16200.00,2019-10-24 21:31:58.149799
243,2019102401004149,NICA,35,47,25,412,10300.00,2019-10-24 21:31:58.149799
244,2019102401004150,HBL,49,8,430,505,217150.00,2019-10-24 21:31:58.149799
245,2019102401004151,HBL,22,8,70,505,35350.00,2019-10-24 21:31:58.149799
246,2019102401004152,NMFBS,33,52,50,1740,87000.00,2019-10-24 21:31:58.149799
247,2019102401004153,UPPER,41,44,1248,239,298272.00,2019-10-24 21:31:58.149799
248,2019102401004154,UPPER,59,44,40,239,9560.00,2019-10-24 21:31:58.149799
249,2019102401004155,UPPER,17,44,40,239,9560.00,2019-10-24 21:31:58.149799
250,2019102401004156,UPPER,29,44,1000,239,239000.00,2019-10-24 21:31:58.149799
251,2019102401004157,UPPER,52,44,200,239,47800.00,2019-10-24 21:31:58.149799
252,2019102401004158,UPPER,54,44,30,239,7170.00,2019-10-24 21:31:58.149799
253,2019102401004159,MBL,35,57,315,230,72450.00,2019-10-24 21:31:58.149799
254,2019102401004160,MBL,35,5,1000,230,230000.00,2019-10-24 21:31:58.149799
255,2019102401004161,MBL,35,45,300,230,69000.00,2019-10-24 21:31:58.149799
256,2019102401004162,MBL,35,57,1000,230,230000.00,2019-10-24 21:31:58.149799
257,2019102401004163,PCBL,57,53,73,264,19272.00,2019-10-24 21:31:58.149799
258,2019102401004164,PCBL,59,53,40,264,10560.00,2019-10-24 21:31:58.149799
259,2019102401004165,PCBL,42,53,10,264,2640.00,2019-10-24 21:31:58.149799
260,2019102401004166,PCBL,34,53,300,264,79200.00,2019-10-24 21:31:58.149799
261,2019102401004167,PCBL,45,53,300,264,79200.00,2019-10-24 21:31:58.149799
262,2019102401004168,PCBL,36,53,2000,264,528000.00,2019-10-24 21:31:58.149799
263,2019102401004169,PCBL,36,53,3000,264,792000.00,2019-10-24 21:31:58.149799
264,2019102401004170,PCBL,51,53,100,264,26400.00,2019-10-24 21:31:58.149799
265,2019102401004171,NCCB,50,50,1000,202,202000.00,2019-10-24 21:31:58.149799
266,2019102401004172,SBL,35,33,500,295,147500.00,2019-10-24 21:31:58.149799
267,2019102401004173,DDBL,49,50,100,730,73000.00,2019-10-24 21:31:58.149799
268,2019102401004174,UPCL,22,38,100,76,7600.00,2019-10-24 21:31:58.149799
269,2019102401004175,CCBL,49,46,111,156,17316.00,2019-10-24 21:31:58.149799
270,2019102401004176,CCBL,50,46,119,156,18564.00,2019-10-24 21:31:58.149799
271,2019102401004177,RHPL,59,19,130,178,23140.00,2019-10-24 21:31:58.149799
272,2019102401004178,RHPL,59,34,20,178,3560.00,2019-10-24 21:31:58.149799
273,2019102401004179,NIB,6,35,50,445,22250.00,2019-10-24 21:31:58.149799
274,2019102401004180,NIB,13,35,650,445,289250.00,2019-10-24 21:31:58.149799
275,2019102401004181,RHPL,59,44,40,178,7120.00,2019-10-24 21:31:58.149799
276,2019102401004182,NLICL,16,28,820,455,373100.00,2019-10-24 21:31:58.149799
277,2019102401004183,SHIVM,47,6,20,491,9820.00,2019-10-24 21:31:58.149799
278,2019102401004184,SHIVM,3,6,10,491,4910.00,2019-10-24 21:31:58.149799
279,2019102401004185,NABIL,17,58,200,755,151000.00,2019-10-24 21:31:58.149799
280,2019102401004186,NMFBS,33,14,15,1749,26235.00,2019-10-24 21:31:58.149799
281,2019102401004187,MEGA,14,39,32,200,6400.00,2019-10-24 21:31:58.149799
282,2019102401004188,MEGA,14,44,500,200,100000.00,2019-10-24 21:31:58.149799
283,2019102401004189,SABSL,13,51,50,450,22500.00,2019-10-24 21:31:58.149799
284,2019102401004190,AKJCL,56,55,41,53,2173.00,2019-10-24 21:31:58.149799
285,2019102401004191,AKJCL,56,55,59,53,3127.00,2019-10-24 21:31:58.149799
286,2019102401004192,SHL,39,58,100,209,20900.00,2019-10-24 21:31:58.149799
287,2019102401004193,SHL,18,58,100,209,20900.00,2019-10-24 21:31:58.149799
288,2019102401004194,CCBL,49,32,1000,157,157000.00,2019-10-24 21:31:58.149799
289,2019102401004195,UPCL,22,38,100,76,7600.00,2019-10-24 21:31:58.149799
290,2019102401004196,CBL,43,42,10,143,1430.00,2019-10-24 21:31:58.149799
291,2019102401004197,PRVU,34,48,182,267,48594.00,2019-10-24 21:31:58.149799
292,2019102401004198,PRVU,47,48,200,267,53400.00,2019-10-24 21:31:58.149799
293,2019102401004199,PRVU,38,48,982,267,262194.00,2019-10-24 21:31:58.149799
294,2019102401004200,RHPL,59,43,40,178,7120.00,2019-10-24 21:31:58.149799
295,2019102401004201,CCBL,49,48,53,157,8321.00,2019-10-24 21:31:58.149799
296,2019102401004202,NLICL,16,56,180,457,82260.00,2019-10-24 21:31:58.149799
297,2019102401004203,SHIVM,54,45,180,492,88560.00,2019-10-24 21:31:58.149799
298,2019102401004204,SHIVM,54,37,50,493,24650.00,2019-10-24 21:31:58.149799
299,2019102401004205,HBL,35,22,20,507,10140.00,2019-10-24 21:31:58.149799
300,2019102401004206,MEGA,10,11,100,201,20100.00,2019-10-24 21:31:58.149799
301,2019102401004207,NCCB,50,46,483,202,97566.00,2019-10-24 21:31:58.149799
302,2019102401004208,SBL,35,13,1500,295,442500.00,2019-10-24 21:31:58.149799
303,2019102401004209,FOWAD,16,33,50,1290,64500.00,2019-10-24 21:31:58.149799
304,2019102401004210,SLBSL,49,54,10,694,6940.00,2019-10-24 21:31:58.149799
305,2019102401004211,SLBSL,49,38,90,695,62550.00,2019-10-24 21:31:58.149799
306,2019102401004212,PRVU,38,57,30,268,8040.00,2019-10-24 21:31:58.149799
307,2019102401004213,SJCL,1,43,20,174,3480.00,2019-10-24 21:31:58.149799
308,2019102401004060,PRVU,41,58,82,267,21894.00,2019-10-24 21:31:58.149799
309,2019102401004061,PRVU,34,58,918,267,245106.00,2019-10-24 21:31:58.149799
310,2019102401004062,NBL,39,48,20,320,6400.00,2019-10-24 21:31:58.149799
311,2019102401004063,NABIL,45,58,15,755,11325.00,2019-10-24 21:31:58.149799
312,2019102401004064,HBL,58,8,10,506,5060.00,2019-10-24 21:31:58.149799
313,2019102401004065,HBL,22,8,100,506,50600.00,2019-10-24 21:31:58.149799
314,2019102401004066,CZBIL,45,13,61,196,11956.00,2019-10-24 21:31:58.149799
315,2019102401004067,CZBIL,55,13,57,196,11172.00,2019-10-24 21:31:58.149799
316,2019102401004068,CZBIL,44,13,498,195,97110.00,2019-10-24 21:31:58.149799
317,2019102401004069,GLICL,16,47,168,360,60480.00,2019-10-24 21:31:58.149799
318,2019102401004070,EBL,58,44,20,557,11140.00,2019-10-24 21:31:58.149799
319,2019102401004071,NLIC,4,39,22,800,17600.00,2019-10-24 21:31:58.149799
320,2019102401004072,RHPL,59,44,40,178,7120.00,2019-10-24 21:31:58.149799
321,2019102401004073,UFL,36,28,300,182,54600.00,2019-10-24 21:31:58.149799
322,2019102401004074,UMHL,52,57,100,103,10300.00,2019-10-24 21:31:58.149799
323,2019102401004075,NICA,48,57,100,410,41000.00,2019-10-24 21:31:58.149799
324,2019102401004076,NICA,35,8,1028,411,422508.00,2019-10-24 21:31:58.149799
325,2019102401004077,NICA,35,8,1000,411,411000.00,2019-10-24 21:31:58.149799
326,2019102401004078,NICA,35,41,500,411,205500.00,2019-10-24 21:31:58.149799
327,2019102401004079,NICA,35,25,490,412,201880.00,2019-10-24 21:31:58.149799
328,2019102401004080,NICA,35,34,35,412,14420.00,2019-10-24 21:31:58.149799
329,2019102401004081,NICA,35,46,110,412,45320.00,2019-10-24 21:31:58.149799
330,2019102401004082,NICA,35,42,100,412,41200.00,2019-10-24 21:31:58.149799
331,2019102401004083,NICA,35,58,300,412,123600.00,2019-10-24 21:31:58.149799
332,2019102401004084,NICA,35,58,50,412,20600.00,2019-10-24 21:31:58.149799
333,2019102401004085,NICA,35,41,50,412,20600.00,2019-10-24 21:31:58.149799
334,2019102401004086,HBL,50,8,430,505,217150.00,2019-10-24 21:31:58.149799
335,2019102401004087,HBL,49,8,70,505,35350.00,2019-10-24 21:31:58.149799
336,2019102401004088,RHPL,59,44,40,178,7120.00,2019-10-24 21:31:58.149799
337,2019102401004089,UPPER,33,44,135,240,32400.00,2019-10-24 21:31:58.149799
338,2019102401004090,BNT,33,33,10,6324,63240.00,2019-10-24 21:31:58.149799
339,2019102401004091,CHCL,54,56,28,417,11676.00,2019-10-24 21:31:58.149799
340,2019102401004092,ADBL,53,25,170,414,70380.00,2019-10-24 21:31:58.149799
341,2019102401004093,NUBL,7,28,10,871,8710.00,2019-10-24 21:31:58.149799
342,2019102401004094,NUBL,49,28,444,870,386280.00,2019-10-24 21:31:58.149799
343,2019102401004095,NCCB,50,48,900,202,181800.00,2019-10-24 21:31:58.149799
344,2019102401004096,NCCB,13,48,300,202,60600.00,2019-10-24 21:31:58.149799
345,2019102401004097,NCCB,54,48,1000,202,202000.00,2019-10-24 21:31:58.149799
346,2019102401004098,RHPL,59,43,40,178,7120.00,2019-10-24 21:31:58.149799
347,2019102401004099,EBL,26,44,325,557,181025.00,2019-10-24 21:31:58.149799
348,2019102401004100,EIC,14,25,45,231,10395.00,2019-10-24 21:31:58.149799
349,2019102401004101,AKPL,41,19,100,131,13100.00,2019-10-24 21:31:58.149799
350,2019102401004102,NBL,44,45,2000,319,638000.00,2019-10-24 21:31:58.149799
351,2019102401004103,NBL,56,45,50,319,15950.00,2019-10-24 21:31:58.149799
352,2019102401004104,NBL,17,45,950,319,303050.00,2019-10-24 21:31:58.149799
353,2019102401004105,API,55,51,54,111,5994.00,2019-10-24 21:31:58.149799
354,2019102401004106,API,57,51,50,111,5550.00,2019-10-24 21:31:58.149799
355,2019102401004107,API,48,51,100,111,11100.00,2019-10-24 21:31:58.149799
356,2019102401004108,API,3,51,50,111,5550.00,2019-10-24 21:31:58.149799
357,2019102401004109,API,41,51,146,111,16206.00,2019-10-24 21:31:58.149799
358,2019102401004110,RHPL,59,21,90,178,16020.00,2019-10-24 21:31:58.149799
359,2019102401004111,RHPL,49,21,60,178,10680.00,2019-10-24 21:31:58.149799
360,2019102401004112,RHPL,59,21,350,178,62300.00,2019-10-24 21:31:58.149799
361,2019102401004113,NLICL,32,53,100,456,45600.00,2019-10-24 21:31:58.149799
362,2019102401004114,GBLBS,8,33,225,314,70650.00,2019-10-24 21:31:58.149799
363,2019102401004115,GBLBS,21,33,70,314,21980.00,2019-10-24 21:31:58.149799
364,2019102401004116,GBLBS,47,33,50,314,15700.00,2019-10-24 21:31:58.149799
365,2019102401004117,GBLBS,6,33,100,313,31300.00,2019-10-24 21:31:58.149799
366,2019102401004118,RHPL,59,44,40,178,7120.00,2019-10-24 21:31:58.149799
367,2019102401004119,ALICL,6,34,39,315,12285.00,2019-10-24 21:31:58.149799
368,2019102401004120,ALICL,28,34,22,315,6930.00,2019-10-24 21:31:58.149799
369,2019102401004121,UPPER,41,48,50,239,11950.00,2019-10-24 21:31:58.149799
370,2019102401004122,ADBL,53,46,177,414,73278.00,2019-10-24 21:31:58.149799
371,2019102401004123,ADBL,10,46,23,414,9522.00,2019-10-24 21:31:58.149799
372,2019102401004124,SCB,34,21,10,568,5680.00,2019-10-24 21:31:58.149799
373,2019102401004125,SCB,34,44,60,569,34140.00,2019-10-24 21:31:58.149799
374,2019102401004126,SBL,35,48,643,295,189685.00,2019-10-24 21:31:58.149799
375,2019102401004127,SBL,35,13,1000,295,295000.00,2019-10-24 21:31:58.149799
376,2019102401004128,SBL,35,34,100,295,29500.00,2019-10-24 21:31:58.149799
377,2019102401004129,SJCL,25,6,80,174,13920.00,2019-10-24 21:31:58.149799
378,2019102401004130,SJCL,1,6,40,174,6960.00,2019-10-24 21:31:58.149799
379,2019102401004131,AKPL,45,19,480,130,62400.00,2019-10-24 21:31:58.149799
380,2019102401004132,BOKL,37,22,100,230,23000.00,2019-10-24 21:31:58.149799
381,2019102401004133,CBL,51,52,94,142,13348.00,2019-10-24 21:31:58.149799
382,2019102401004134,RHPL,59,19,110,178,19580.00,2019-10-24 21:31:58.149799
383,2019102401004135,RHPL,42,19,60,178,10680.00,2019-10-24 21:31:58.149799
384,2019102401004022,CBL,8,42,1000,143,143000.00,2019-10-24 21:31:58.149799
385,2019102401004023,CBL,58,42,100,143,14300.00,2019-10-24 21:31:58.149799
386,2019102401004024,CBL,10,42,200,143,28600.00,2019-10-24 21:31:58.149799
387,2019102401004025,SRBL,50,1,40,214,8560.00,2019-10-24 21:31:58.149799
388,2019102401004026,NABIL,36,58,50,755,37750.00,2019-10-24 21:31:58.149799
389,2019102401004027,SMFBS,22,17,10,774,7740.00,2019-10-24 21:31:58.149799
390,2019102401004028,MERO,45,52,50,560,28000.00,2019-10-24 21:31:58.149799
391,2019102401004029,MERO,43,52,50,560,28000.00,2019-10-24 21:31:58.149799
392,2019102401004030,MERO,22,52,50,560,28000.00,2019-10-24 21:31:58.149799
393,2019102401004031,MERO,41,52,83,560,46480.00,2019-10-24 21:31:58.149799
394,2019102401004032,SICL,35,21,200,735,147000.00,2019-10-24 21:31:58.149799
395,2019102401004033,NMBMF,8,45,37,535,19795.00,2019-10-24 21:31:58.149799
396,2019102401004034,PRVU,22,6,352,267,93984.00,2019-10-24 21:31:58.149799
397,2019102401004035,MNBBL,35,14,250,312,78000.00,2019-10-24 21:31:58.149799
398,2019102401004036,MNBBL,35,22,150,312,46800.00,2019-10-24 21:31:58.149799
399,2019102401004037,MNBBL,35,47,600,312,187200.00,2019-10-24 21:31:58.149799
400,2019102401004038,UPPER,52,43,80,240,19200.00,2019-10-24 21:31:58.149799
401,2019102401004039,MEGA,32,11,100,201,20100.00,2019-10-24 21:31:58.149799
402,2019102401004040,RHPL,59,43,40,178,7120.00,2019-10-24 21:31:58.149799
403,2019102401004041,RHPL,59,44,40,178,7120.00,2019-10-24 21:31:58.149799
404,2019102401004042,PFL,6,1,500,135,67500.00,2019-10-24 21:31:58.149799
405,2019102401004043,PRVU,22,11,82,267,21894.00,2019-10-24 21:31:58.149799
406,2019102401004044,PRVU,41,11,18,267,4806.00,2019-10-24 21:31:58.149799
407,2019102401004045,KSBBL,13,32,663,145,96135.00,2019-10-24 21:31:58.149799
408,2019102401004046,NABIL,35,58,516,755,389580.00,2019-10-24 21:31:58.149799
409,2019102401004047,SBI,52,45,30,406,12180.00,2019-10-24 21:31:58.149799
410,2019102401004048,SBI,52,11,60,406,24360.00,2019-10-24 21:31:58.149799
411,2019102401004049,RHPL,59,34,210,178,37380.00,2019-10-24 21:31:58.149799
412,2019102401004050,KBL,11,43,39,185,7215.00,2019-10-24 21:31:58.149799
413,2019102401004051,KBL,54,43,161,185,29785.00,2019-10-24 21:31:58.149799
414,2019102401004052,SHPC,13,28,490,194,95060.00,2019-10-24 21:31:58.149799
415,2019102401004053,SLBSL,26,44,100,690,69000.00,2019-10-24 21:31:58.149799
416,2019102401004054,RBCLPO,38,59,30,7300,219000.00,2019-10-24 21:31:58.149799
417,2019102401004055,NABIL,35,58,20,755,15100.00,2019-10-24 21:31:58.149799
418,2019102401004056,UPPER,33,43,90,240,21600.00,2019-10-24 21:31:58.149799
419,2019102401004057,UPPER,33,54,50,240,12000.00,2019-10-24 21:31:58.149799
420,2019102401004058,UPPER,33,19,125,240,30000.00,2019-10-24 21:31:58.149799
421,2019102401004059,UPPER,33,22,100,240,24000.00,2019-10-24 21:31:58.149799
422,2019102401003966,EBL,6,44,300,557,167100.00,2019-10-24 21:31:58.149799
423,2019102401003967,RHPL,1,44,40,178,7120.00,2019-10-24 21:31:58.149799
424,2019102401003968,AKPL,41,19,100,133,13300.00,2019-10-24 21:31:58.149799
425,2019102401003969,MEGA,41,25,133,201,26733.00,2019-10-24 21:31:58.149799
426,2019102401003970,MEGA,41,48,17,202,3434.00,2019-10-24 21:31:58.149799
427,2019102401003971,NMBHF1,56,1,10000,8.7,87000.00,2019-10-24 21:31:58.149799
428,2019102401003972,GBBL,39,45,820,218,178760.00,2019-10-24 21:31:58.149799
429,2019102401003973,GBBL,39,39,171,219,37449.00,2019-10-24 21:31:58.149799
430,2019102401003974,GBBL,39,14,200,219,43800.00,2019-10-24 21:31:58.149799
431,2019102401003975,GBBL,39,39,300,219,65700.00,2019-10-24 21:31:58.149799
432,2019102401003976,GBBL,39,39,50,219,10950.00,2019-10-24 21:31:58.149799
433,2019102401003977,GBBL,39,14,500,219,109500.00,2019-10-24 21:31:58.149799
434,2019102401003978,GBBL,39,33,300,219,65700.00,2019-10-24 21:31:58.149799
435,2019102401003979,GBBL,39,22,90,219,19710.00,2019-10-24 21:31:58.149799
436,2019102401003980,NGPL,44,20,10,100,1000.00,2019-10-24 21:31:58.149799
437,2019102401003981,NMBMF,49,45,63,535,33705.00,2019-10-24 21:31:58.149799
438,2019102401003982,RHPL,1,16,40,178,7120.00,2019-10-24 21:31:58.149799
439,2019102401003983,RHPL,1,34,10,178,1780.00,2019-10-24 21:31:58.149799
440,2019102401003984,RHPL,59,34,30,178,5340.00,2019-10-24 21:31:58.149799
441,2019102401003985,NIL,49,43,200,372,74400.00,2019-10-24 21:31:58.149799
442,2019102401003986,NIL,49,51,98,373,36554.00,2019-10-24 21:31:58.149799
443,2019102401003987,NIL,49,54,100,374,37400.00,2019-10-24 21:31:58.149799
444,2019102401003988,NIL,49,39,100,375,37500.00,2019-10-24 21:31:58.149799
445,2019102401003989,NIL,49,13,100,375,37500.00,2019-10-24 21:31:58.149799
446,2019102401003990,NIL,49,45,100,375,37500.00,2019-10-24 21:31:58.149799
447,2019102401003991,NIL,49,25,100,375,37500.00,2019-10-24 21:31:58.149799
448,2019102401003992,NIL,49,49,11300,375,4237500.00,2019-10-24 21:31:58.149799
449,2019102401003993,CHCL,21,56,22,418,9196.00,2019-10-24 21:31:58.149799
450,2019102401003994,NABIL,52,58,30,759,22770.00,2019-10-24 21:31:58.149799
451,2019102401003995,NABIL,39,58,174,759,132066.00,2019-10-24 21:31:58.149799
452,2019102401003996,NABIL,11,58,100,759,75900.00,2019-10-24 21:31:58.149799
453,2019102401003997,NABIL,26,58,100,758,75800.00,2019-10-24 21:31:58.149799
454,2019102401003998,NABIL,41,58,10,758,7580.00,2019-10-24 21:31:58.149799
455,2019102401003999,NABIL,39,58,400,757,302800.00,2019-10-24 21:31:58.149799
456,2019102401004000,NABIL,34,58,100,757,75700.00,2019-10-24 21:31:58.149799
457,2019102401004001,NABIL,25,58,100,757,75700.00,2019-10-24 21:31:58.149799
458,2019102401004002,NABIL,39,58,20,756,15120.00,2019-10-24 21:31:58.149799
459,2019102401004003,NABIL,25,58,100,756,75600.00,2019-10-24 21:31:58.149799
460,2019102401004004,NABIL,39,58,100,755,75500.00,2019-10-24 21:31:58.149799
461,2019102401004005,NABIL,38,58,200,755,151000.00,2019-10-24 21:31:58.149799
462,2019102401004006,RHPL,59,44,40,178,7120.00,2019-10-24 21:31:58.149799
463,2019102401004007,RHPL,59,6,430,178,76540.00,2019-10-24 21:31:58.149799
464,2019102401004008,RBCLPO,38,33,20,7300,146000.00,2019-10-24 21:31:58.149799
465,2019102401004009,SJCL,19,16,20,175,3500.00,2019-10-24 21:31:58.149799
466,2019102401004010,NLICL,14,53,50,456,22800.00,2019-10-24 21:31:58.149799
467,2019102401004011,EBL,45,44,100,557,55700.00,2019-10-24 21:31:58.149799
468,2019102401004012,MEGA,14,11,22,200,4400.00,2019-10-24 21:31:58.149799
469,2019102401004013,MEGA,14,11,78,200,15600.00,2019-10-24 21:31:58.149799
470,2019102401004014,BNT,55,17,20,6300,126000.00,2019-10-24 21:31:58.149799
471,2019102401004015,TMDBL,57,4,20,150,3000.00,2019-10-24 21:31:58.149799
472,2019102401004016,RHPC,48,46,100,80,8000.00,2019-10-24 21:31:58.149799
473,2019102401004017,API,41,41,200,112,22400.00,2019-10-24 21:31:58.149799
474,2019102401004018,RHPL,58,44,40,177,7080.00,2019-10-24 21:31:58.149799
475,2019102401004019,PLIC,21,25,22,321,7062.00,2019-10-24 21:31:58.149799
476,2019102401004020,RHPL,58,34,40,177,7080.00,2019-10-24 21:31:58.149799
477,2019102401004021,RHPL,25,6,570,178,101460.00,2019-10-24 21:31:58.149799
478,2019102401003926,SKBBL,22,48,17,930,15810.00,2019-10-24 21:31:58.149799
479,2019102401003927,SKBBL,22,6,18,930,16740.00,2019-10-24 21:31:58.149799
480,2019102401003928,ALICL,6,57,161,315,50715.00,2019-10-24 21:31:58.149799
481,2019102401003929,SICL,21,37,136,737,100232.00,2019-10-24 21:31:58.149799
482,2019102401003930,NLIC,57,14,20,801,16020.00,2019-10-24 21:31:58.149799
483,2019102401003931,RHPL,1,44,40,178,7120.00,2019-10-24 21:31:58.149799
484,2019102401003932,SJCL,52,16,20,175,3500.00,2019-10-24 21:31:58.149799
485,2019102401003933,SRBL,35,13,93,214,19902.00,2019-10-24 21:31:58.149799
486,2019102401003934,SRBL,50,13,707,214,151298.00,2019-10-24 21:31:58.149799
487,2019102401003935,AKBSL,57,47,10,408,4080.00,2019-10-24 21:31:58.149799
488,2019102401003936,HGI,51,35,81,278,22518.00,2019-10-24 21:31:58.149799
489,2019102401003937,SJCL,52,22,20,175,3500.00,2019-10-24 21:31:58.149799
490,2019102401003938,NLG,20,11,14,550,7700.00,2019-10-24 21:31:58.149799
491,2019102401003939,AKBSL,57,6,10,408,4080.00,2019-10-24 21:31:58.149799
492,2019102401003940,SIC,6,25,372,468,174096.00,2019-10-24 21:31:58.149799
493,2019102401003941,PRVU,22,16,200,267,53400.00,2019-10-24 21:31:58.149799
494,2019102401003942,NABIL,35,58,24,760,18240.00,2019-10-24 21:31:58.149799
495,2019102401003943,NABIL,35,58,176,760,133760.00,2019-10-24 21:31:58.149799
496,2019102401003944,RHPL,1,44,40,178,7120.00,2019-10-24 21:31:58.149799
497,2019102401003945,AKBSL,57,47,10,408,4080.00,2019-10-24 21:31:58.149799
498,2019102401003946,UPCL,22,38,100,76,7600.00,2019-10-24 21:31:58.149799
499,2019102401003947,EBL,47,44,100,557,55700.00,2019-10-24 21:31:58.149799
500,2019102401003948,SJCL,52,16,20,175,3500.00,2019-10-24 21:31:58.149799
501,2019102401003949,RHPL,1,44,40,178,7120.00,2019-10-24 21:31:58.149799
502,2019102401003950,AKBSL,57,47,10,408,4080.00,2019-10-24 21:31:58.149799
503,2019102401003951,NCCB,50,17,480,203,97440.00,2019-10-24 21:31:58.149799
504,2019102401003952,NCCB,50,48,500,203,101500.00,2019-10-24 21:31:58.149799
505,2019102401003953,NCCB,50,25,20,203,4060.00,2019-10-24 21:31:58.149799
506,2019102401003954,HGI,55,58,400,275,110000.00,2019-10-24 21:31:58.149799
507,2019102401003955,NMBMF,49,45,50,535,26750.00,2019-10-24 21:31:58.149799
508,2019102401003956,VLBS,42,34,50,573,28650.00,2019-10-24 21:31:58.149799
509,2019102401003957,VLBS,42,57,250,574,143500.00,2019-10-24 21:31:58.149799
510,2019102401003958,VLBS,42,35,29,575,16675.00,2019-10-24 21:31:58.149799
511,2019102401003959,VLBS,42,51,100,575,57500.00,2019-10-24 21:31:58.149799
512,2019102401003960,ILBS,48,43,10,417,4170.00,2019-10-24 21:31:58.149799
513,2019102401003961,SJCL,52,39,280,175,49000.00,2019-10-24 21:31:58.149799
514,2019102401003962,SJCL,10,39,40,175,7000.00,2019-10-24 21:31:58.149799
515,2019102401003963,SJCL,19,39,180,175,31500.00,2019-10-24 21:31:58.149799
516,2019102401003964,PRVU,38,57,40,268,10720.00,2019-10-24 21:31:58.149799
517,2019102401003965,SJCL,1,54,20,176,3520.00,2019-10-24 21:31:58.149799
518,2019102401003877,AKBSL,42,47,10,407,4070.00,2019-10-24 21:31:58.149799
519,2019102401003878,NIB,14,39,1032,450,464400.00,2019-10-24 21:31:58.149799
520,2019102401003879,NBL,36,34,13,321,4173.00,2019-10-24 21:31:58.149799
521,2019102401003880,PCBL,40,47,125,264,33000.00,2019-10-24 21:31:58.149799
522,2019102401003881,PCBL,40,53,175,265,46375.00,2019-10-24 21:31:58.149799
523,2019102401003882,SANIMA,14,6,250,312,78000.00,2019-10-24 21:31:58.149799
524,2019102401003883,BOKL,52,26,14,229,3206.00,2019-10-24 21:31:58.149799
525,2019102401003884,NABIL,37,58,30,760,22800.00,2019-10-24 21:31:58.149799
526,2019102401003885,ALICL,25,57,136,316,42976.00,2019-10-24 21:31:58.149799
527,2019102401003886,ALICL,39,57,203,316,64148.00,2019-10-24 21:31:58.149799
528,2019102401003887,RHPL,1,43,40,178,7120.00,2019-10-24 21:31:58.149799
529,2019102401003888,UPPER,41,13,40,239,9560.00,2019-10-24 21:31:58.149799
530,2019102401003889,NABIL,21,58,100,760,76000.00,2019-10-24 21:31:58.149799
531,2019102401003890,AKBSL,57,47,10,408,4080.00,2019-10-24 21:31:58.149799
532,2019102401003891,API,55,11,11,111,1221.00,2019-10-24 21:31:58.149799
533,2019102401003892,RHPL,1,44,40,178,7120.00,2019-10-24 21:31:58.149799
534,2019102401003893,SCB,41,39,10,569,5690.00,2019-10-24 21:31:58.149799
535,2019102401003894,SBL,21,48,100,295,29500.00,2019-10-24 21:31:58.149799
536,2019102401003895,RMDC,33,45,10,622,6220.00,2019-10-24 21:31:58.149799
537,2019102401003896,SMATA,29,45,10,525,5250.00,2019-10-24 21:31:58.149799
538,2019102401003897,NLG,45,39,25,555,13875.00,2019-10-24 21:31:58.149799
539,2019102401003898,NLG,29,39,30,555,16650.00,2019-10-24 21:31:58.149799
540,2019102401003899,NLG,19,39,200,554,110800.00,2019-10-24 21:31:58.149799
541,2019102401003900,NLG,21,39,10,553,5530.00,2019-10-24 21:31:58.149799
542,2019102401003901,NLG,56,39,35,552,19320.00,2019-10-24 21:31:58.149799
543,2019102401003902,NLG,7,39,35,552,19320.00,2019-10-24 21:31:58.149799
544,2019102401003903,NLG,48,39,165,551,90915.00,2019-10-24 21:31:58.149799
545,2019102401003904,AKBSL,57,47,10,408,4080.00,2019-10-24 21:31:58.149799
546,2019102401003905,SJCL,52,43,20,175,3500.00,2019-10-24 21:31:58.149799
547,2019102401003906,GBLBS,8,19,235,314,73790.00,2019-10-24 21:31:58.149799
548,2019102401003907,OHL,34,58,10,473,4730.00,2019-10-24 21:31:58.149799
549,2019102401003908,RHPL,1,44,40,178,7120.00,2019-10-24 21:31:58.149799
550,2019102401003909,SICL,45,37,10,737,7370.00,2019-10-24 21:31:58.149799
551,2019102401003910,GLICL,17,48,105,359,37695.00,2019-10-24 21:31:58.149799
552,2019102401003911,GLICL,17,47,895,360,322200.00,2019-10-24 21:31:58.149799
553,2019102401003912,EBL,37,44,100,557,55700.00,2019-10-24 21:31:58.149799
554,2019102401003913,AKBSL,57,47,10,408,4080.00,2019-10-24 21:31:58.149799
555,2019102401003914,NABIL,35,58,20,760,15200.00,2019-10-24 21:31:58.149799
556,2019102401003915,SJCL,52,16,20,175,3500.00,2019-10-24 21:31:58.149799
557,2019102401003916,PFL,10,1,500,135,67500.00,2019-10-24 21:31:58.149799
558,2019102401003917,NICA,50,42,100,410,41000.00,2019-10-24 21:31:58.149799
559,2019102401003918,NICA,45,42,200,410,82000.00,2019-10-24 21:31:58.149799
560,2019102401003919,NICA,49,42,200,410,82000.00,2019-10-24 21:31:58.149799
561,2019102401003920,SCB,47,44,100,569,56900.00,2019-10-24 21:31:58.149799
562,2019102401003921,RHPL,1,44,40,178,7120.00,2019-10-24 21:31:58.149799
563,2019102401003922,SMATA,29,45,10,530,5300.00,2019-10-24 21:31:58.149799
564,2019102401003923,SMATA,29,35,10,530,5300.00,2019-10-24 21:31:58.149799
565,2019102401003924,AKBSL,57,47,10,408,4080.00,2019-10-24 21:31:58.149799
566,2019102401003925,RHPL,1,22,40,178,7120.00,2019-10-24 21:31:58.149799
567,2019102401003827,RHPL,1,44,40,178,7120.00,2019-10-24 21:31:58.149799
568,2019102401003828,AKBSL,42,47,10,407,4070.00,2019-10-24 21:31:58.149799
569,2019102401003829,LICN,29,11,100,1000,100000.00,2019-10-24 21:31:58.149799
570,2019102401003830,NABIL,6,58,100,760,76000.00,2019-10-24 21:31:58.149799
571,2019102401003831,PRVU,38,57,140,268,37520.00,2019-10-24 21:31:58.149799
572,2019102401003832,RHPL,1,43,30,178,5340.00,2019-10-24 21:31:58.149799
573,2019102401003833,NLIC,28,45,28,800,22400.00,2019-10-24 21:31:58.149799
574,2019102401003834,NLIC,26,45,100,800,80000.00,2019-10-24 21:31:58.149799
575,2019102401003835,NLIC,57,45,200,800,160000.00,2019-10-24 21:31:58.149799
576,2019102401003836,NLIC,4,45,72,800,57600.00,2019-10-24 21:31:58.149799
577,2019102401003837,NMBMF,22,46,10,540,5400.00,2019-10-24 21:31:58.149799
578,2019102401003838,RHPL,1,44,40,178,7120.00,2019-10-24 21:31:58.149799
579,2019102401003839,NIB,14,16,45,445,20025.00,2019-10-24 21:31:58.149799
580,2019102401003840,NIB,14,54,63,445,28035.00,2019-10-24 21:31:58.149799
581,2019102401003841,NIB,14,39,500,446,223000.00,2019-10-24 21:31:58.149799
582,2019102401003842,NIB,14,10,150,447,67050.00,2019-10-24 21:31:58.149799
583,2019102401003843,NIB,14,6,500,448,224000.00,2019-10-24 21:31:58.149799
584,2019102401003844,NIB,14,49,40,448,17920.00,2019-10-24 21:31:58.149799
585,2019102401003845,NIB,14,45,400,448,179200.00,2019-10-24 21:31:58.149799
586,2019102401003846,NIB,14,39,485,449,217765.00,2019-10-24 21:31:58.149799
587,2019102401003847,NIB,14,44,1000,449,449000.00,2019-10-24 21:31:58.149799
588,2019102401003848,NIB,14,25,25,449,11225.00,2019-10-24 21:31:58.149799
589,2019102401003849,NIB,14,21,100,450,45000.00,2019-10-24 21:31:58.149799
590,2019102401003850,AKBSL,42,47,10,407,4070.00,2019-10-24 21:31:58.149799
591,2019102401003851,MBL,14,51,300,229,68700.00,2019-10-24 21:31:58.149799
592,2019102401003852,MBL,6,51,200,229,45800.00,2019-10-24 21:31:58.149799
593,2019102401003853,SBI,22,45,20,406,8120.00,2019-10-24 21:31:58.149799
594,2019102401003854,AKBSL,42,47,10,407,4070.00,2019-10-24 21:31:58.149799
595,2019102401003855,PCBL,57,35,300,264,79200.00,2019-10-24 21:31:58.149799
596,2019102401003856,SJCL,52,43,20,175,3500.00,2019-10-24 21:31:58.149799
597,2019102401003857,MLBL,37,28,215,213,45795.00,2019-10-24 21:31:58.149799
598,2019102401003858,MLBL,35,28,200,213,42600.00,2019-10-24 21:31:58.149799
599,2019102401003859,MLBL,36,28,100,213,21300.00,2019-10-24 21:31:58.149799
600,2019102401003860,UPPER,41,19,500,239,119500.00,2019-10-24 21:31:58.149799
601,2019102401003861,HGI,25,43,50,276,13800.00,2019-10-24 21:31:58.149799
602,2019102401003862,HGI,55,43,63,275,17325.00,2019-10-24 21:31:58.149799
603,2019102401003863,AKBSL,42,47,10,407,4070.00,2019-10-24 21:31:58.149799
604,2019102401003864,UPPER,41,56,62,239,14818.00,2019-10-24 21:31:58.149799
605,2019102401003865,NMBMF,49,45,41,535,21935.00,2019-10-24 21:31:58.149799
606,2019102401003866,KBL,29,49,172,185,31820.00,2019-10-24 21:31:58.149799
607,2019102401003867,KBL,11,49,161,185,29785.00,2019-10-24 21:31:58.149799
608,2019102401003868,API,49,41,10,112,1120.00,2019-10-24 21:31:58.149799
609,2019102401003869,MBL,14,6,15,230,3450.00,2019-10-24 21:31:58.149799
610,2019102401003870,MBL,14,28,100,230,23000.00,2019-10-24 21:31:58.149799
611,2019102401003871,MBL,14,34,100,230,23000.00,2019-10-24 21:31:58.149799
612,2019102401003872,MBL,14,19,500,230,115000.00,2019-10-24 21:31:58.149799
613,2019102401003873,MBL,14,41,100,230,23000.00,2019-10-24 21:31:58.149799
614,2019102401003874,MBL,14,57,185,230,42550.00,2019-10-24 21:31:58.149799
615,2019102401003875,SLBBL,1,52,33,542,17886.00,2019-10-24 21:31:58.149799
616,2019102401003876,NICA,33,8,163,411,66993.00,2019-10-24 21:31:58.149799
617,2019102401003784,UPCL,22,38,500,76,38000.00,2019-10-24 21:31:58.149799
618,2019102401003785,RHPL,1,44,40,178,7120.00,2019-10-24 21:31:58.149799
619,2019102401003786,SABSL,48,59,10,449,4490.00,2019-10-24 21:31:58.149799
620,2019102401003787,NIB,22,19,145,445,64525.00,2019-10-24 21:31:58.149799
621,2019102401003788,NIB,22,16,55,445,24475.00,2019-10-24 21:31:58.149799
622,2019102401003789,MSLB,10,48,10,887,8870.00,2019-10-24 21:31:58.149799
623,2019102401003790,SBI,8,33,121,405,49005.00,2019-10-24 21:31:58.149799
624,2019102401003791,UFL,34,28,400,182,72800.00,2019-10-24 21:31:58.149799
625,2019102401003792,UPPER,33,13,40,239,9560.00,2019-10-24 21:31:58.149799
626,2019102401003793,UPPER,41,13,10,239,2390.00,2019-10-24 21:31:58.149799
627,2019102401003794,NABIL,22,58,50,760,38000.00,2019-10-24 21:31:58.149799
628,2019102401003795,RHPL,1,44,40,178,7120.00,2019-10-24 21:31:58.149799
629,2019102401003796,PRVU,38,57,105,268,28140.00,2019-10-24 21:31:58.149799
630,2019102401003797,PIC,39,54,398,365,145270.00,2019-10-24 21:31:58.149799
631,2019102401003798,PIC,39,51,100,365,36500.00,2019-10-24 21:31:58.149799
632,2019102401003799,MNBBL,10,14,50,312,15600.00,2019-10-24 21:31:58.149799
633,2019102401003800,SBI,8,49,45,405,18225.00,2019-10-24 21:31:58.149799
634,2019102401003801,SDESI,22,25,10,622,6220.00,2019-10-24 21:31:58.149799
635,2019102401003802,CZBIL,45,3,10,196,1960.00,2019-10-24 21:31:58.149799
636,2019102401003803,GBLBS,36,38,70,315,22050.00,2019-10-24 21:31:58.149799
637,2019102401003804,GBBL,38,45,110,218,23980.00,2019-10-24 21:31:58.149799
638,2019102401003805,AKBSL,42,47,10,407,4070.00,2019-10-24 21:31:58.149799
639,2019102401003806,ALICL,40,36,30,316,9480.00,2019-10-24 21:31:58.149799
640,2019102401003807,ALICL,25,36,64,316,20224.00,2019-10-24 21:31:58.149799
641,2019102401003808,RHPL,1,44,40,178,7120.00,2019-10-24 21:31:58.149799
642,2019102401003809,PRVU,10,57,425,268,113900.00,2019-10-24 21:31:58.149799
643,2019102401003810,NABIL,25,58,100,760,76000.00,2019-10-24 21:31:58.149799
644,2019102401003811,NLICL,35,56,50,457,22850.00,2019-10-24 21:31:58.149799
645,2019102401003812,ADBL,53,34,10,414,4140.00,2019-10-24 21:31:58.149799
646,2019102401003813,CFCL,7,21,10,113,1130.00,2019-10-24 21:31:58.149799
647,2019102401003814,IGI,55,28,70,285,19950.00,2019-10-24 21:31:58.149799
648,2019102401003815,IGI,42,28,174,285,49590.00,2019-10-24 21:31:58.149799
649,2019102401003816,SHL,48,58,200,210,42000.00,2019-10-24 21:31:58.149799
650,2019102401003817,NLG,39,39,1000,550,550000.00,2019-10-24 21:31:58.149799
651,2019102401003818,RHPL,1,44,40,178,7120.00,2019-10-24 21:31:58.149799
652,2019102401003819,NIB,20,38,19,444,8436.00,2019-10-24 21:31:58.149799
653,2019102401003820,SHIVM,22,45,20,492,9840.00,2019-10-24 21:31:58.149799
654,2019102401003821,MNBBL,39,14,1800,311,559800.00,2019-10-24 21:31:58.149799
655,2019102401003822,BOKL,49,36,84,228,19152.00,2019-10-24 21:31:58.149799
656,2019102401003823,AKBSL,42,47,10,407,4070.00,2019-10-24 21:31:58.149799
657,2019102401003824,UPPER,41,13,50,239,11950.00,2019-10-24 21:31:58.149799
658,2019102401003825,LBL,49,50,50,217,10850.00,2019-10-24 21:31:58.149799
659,2019102401003826,GBBL,38,45,70,218,15260.00,2019-10-24 21:31:58.149799
660,2019102401003744,IGI,7,46,10,286,2860.00,2019-10-24 21:31:58.149799
661,2019102401003745,IGI,42,46,26,285,7410.00,2019-10-24 21:31:58.149799
662,2019102401003746,SJCL,1,39,20,176,3520.00,2019-10-24 21:31:58.149799
663,2019102401003747,SBI,47,49,50,405,20250.00,2019-10-24 21:31:58.149799
664,2019102401003748,SBI,8,49,34,405,13770.00,2019-10-24 21:31:58.149799
665,2019102401003749,NLG,45,39,10,556,5560.00,2019-10-24 21:31:58.149799
666,2019102401003750,RHPL,1,44,40,178,7120.00,2019-10-24 21:31:58.149799
667,2019102401003751,EBL,44,44,55,557,30635.00,2019-10-24 21:31:58.149799
668,2019102401003752,SLICL,32,17,30,266,7980.00,2019-10-24 21:31:58.149799
669,2019102401003753,SLICL,45,17,54,266,14364.00,2019-10-24 21:31:58.149799
670,2019102401003754,SLICL,17,17,50,265,13250.00,2019-10-24 21:31:58.149799
671,2019102401003755,SLICL,6,17,100,265,26500.00,2019-10-24 21:31:58.149799
672,2019102401003756,SLICL,56,17,100,265,26500.00,2019-10-24 21:31:58.149799
673,2019102401003757,NLIC,42,28,342,801,273942.00,2019-10-24 21:31:58.149799
674,2019102401003758,NLIC,43,28,13,800,10400.00,2019-10-24 21:31:58.149799
675,2019102401003759,NLIC,28,28,4,802,3208.00,2019-10-24 21:31:58.149799
676,2019102401003760,CCBL,18,52,60,157,9420.00,2019-10-24 21:31:58.149799
677,2019102401003761,CCBL,18,45,1000,157,157000.00,2019-10-24 21:31:58.149799
678,2019102401003762,SHIVM,45,53,300,491,147300.00,2019-10-24 21:31:58.149799
679,2019102401003763,RHPL,1,44,40,178,7120.00,2019-10-24 21:31:58.149799
680,2019102401003764,HURJA,11,3,20,105,2100.00,2019-10-24 21:31:58.149799
681,2019102401003765,UPCL,7,38,10,78,780.00,2019-10-24 21:31:58.149799
682,2019102401003766,UPCL,37,38,110,77,8470.00,2019-10-24 21:31:58.149799
683,2019102401003767,UPCL,6,38,300,77,23100.00,2019-10-24 21:31:58.149799
684,2019102401003768,UPCL,49,38,200,77,15400.00,2019-10-24 21:31:58.149799
685,2019102401003769,EIC,22,57,45,232,10440.00,2019-10-24 21:31:58.149799
686,2019102401003770,JOSHI,45,14,20,63,1260.00,2019-10-24 21:31:58.149799
687,2019102401003771,MEGA,38,25,117,201,23517.00,2019-10-24 21:31:58.149799
688,2019102401003772,UPCL,22,38,80,76,6080.00,2019-10-24 21:31:58.149799
689,2019102401003773,NABIL,43,58,400,760,304000.00,2019-10-24 21:31:58.149799
690,2019102401003774,SLBSL,7,1,10,690,6900.00,2019-10-24 21:31:58.149799
691,2019102401003775,RHPL,1,44,40,178,7120.00,2019-10-24 21:31:58.149799
692,2019102401003776,SCB,22,14,10,570,5700.00,2019-10-24 21:31:58.149799
693,2019102401003777,BOKL,49,17,40,228,9120.00,2019-10-24 21:31:58.149799
694,2019102401003778,UPPER,33,54,50,239,11950.00,2019-10-24 21:31:58.149799
695,2019102401003779,EIC,6,57,40,231,9240.00,2019-10-24 21:31:58.149799
696,2019102401003780,EIC,14,57,105,231,24255.00,2019-10-24 21:31:58.149799
697,2019102401003781,UPCL,22,38,100,76,7600.00,2019-10-24 21:31:58.149799
698,2019102401003782,CIT,41,13,80,1804,144320.00,2019-10-24 21:31:58.149799
699,2019102401003783,CIT,41,52,20,1805,36100.00,2019-10-24 21:31:58.149799
700,2019102401003703,NMBMF,44,40,40,536,21440.00,2019-10-24 21:31:58.149799
701,2019102401003704,NMBMF,49,40,110,535,58850.00,2019-10-24 21:31:58.149799
702,2019102401003705,HBL,14,22,20,507,10140.00,2019-10-24 21:31:58.149799
703,2019102401003706,BPCL,13,49,13,364,4732.00,2019-10-24 21:31:58.149799
704,2019102401003707,BPCL,55,49,105,363,38115.00,2019-10-24 21:31:58.149799
705,2019102401003708,DBBL,44,48,180,125,22500.00,2019-10-24 21:31:58.149799
706,2019102401003709,DBBL,42,48,1820,125,227500.00,2019-10-24 21:31:58.149799
707,2019102401003710,SKBBL,22,53,200,930,186000.00,2019-10-24 21:31:58.149799
708,2019102401003711,LGIL,22,52,50,330,16500.00,2019-10-24 21:31:58.149799
709,2019102401003712,SHL,18,58,100,210,21000.00,2019-10-24 21:31:58.149799
710,2019102401003713,RHPL,1,44,40,178,7120.00,2019-10-24 21:31:58.149799
711,2019102401003714,PRIN,7,6,20,315,6300.00,2019-10-24 21:31:58.149799
712,2019102401003715,PFL,10,22,34,135,4590.00,2019-10-24 21:31:58.149799
713,2019102401003716,UPPER,33,13,50,239,11950.00,2019-10-24 21:31:58.149799
714,2019102401003717,SHINE,22,21,20,255,5100.00,2019-10-24 21:31:58.149799
715,2019102401003718,EBL,44,49,45,557,25065.00,2019-10-24 21:31:58.149799
716,2019102401003719,KKHC,42,54,10,56,560.00,2019-10-24 21:31:58.149799
717,2019102401003720,NIB,14,19,20,445,8900.00,2019-10-24 21:31:58.149799
718,2019102401003721,NICA,33,28,37,411,15207.00,2019-10-24 21:31:58.149799
719,2019102401003722,NLIC,4,16,51,801,40851.00,2019-10-24 21:31:58.149799
720,2019102401003723,NLIC,49,16,50,801,40050.00,2019-10-24 21:31:58.149799
721,2019102401003724,NLIC,42,16,158,801,126558.00,2019-10-24 21:31:58.149799
722,2019102401003725,PLIC,22,38,50,322,16100.00,2019-10-24 21:31:58.149799
723,2019102401003726,KBL,29,49,128,185,23680.00,2019-10-24 21:31:58.149799
724,2019102401003727,RHPL,1,44,40,178,7120.00,2019-10-24 21:31:58.149799
725,2019102401003728,MBL,14,38,300,229,68700.00,2019-10-24 21:31:58.149799
726,2019102401003729,NCCB,4,49,100,203,20300.00,2019-10-24 21:31:58.149799
727,2019102401003730,NCCB,4,17,20,203,4060.00,2019-10-24 21:31:58.149799
728,2019102401003731,MSMBS,1,11,22,460,10120.00,2019-10-24 21:31:58.149799
729,2019102401003732,SJCL,1,6,40,176,7040.00,2019-10-24 21:31:58.149799
730,2019102401003733,SJCL,1,39,20,176,3520.00,2019-10-24 21:31:58.149799
731,2019102401003734,NLICL,48,56,120,456,54720.00,2019-10-24 21:31:58.149799
732,2019102401003735,NLICL,35,56,23,456,10488.00,2019-10-24 21:31:58.149799
733,2019102401003736,NLICL,22,56,100,456,45600.00,2019-10-24 21:31:58.149799
734,2019102401003737,LBL,49,45,100,217,21700.00,2019-10-24 21:31:58.149799
735,2019102401003738,LBL,49,49,277,217,60109.00,2019-10-24 21:31:58.149799
736,2019102401003739,MEGA,46,45,17,201,3417.00,2019-10-24 21:31:58.149799
737,2019102401003740,MEGA,38,45,333,201,66933.00,2019-10-24 21:31:58.149799
738,2019102401003741,RHPL,1,44,40,178,7120.00,2019-10-24 21:31:58.149799
739,2019102401003742,NLICL,35,44,400,458,183200.00,2019-10-24 21:31:58.149799
740,2019102401003743,NMBMF,49,43,36,535,19260.00,2019-10-24 21:31:58.149799
741,2019102401003665,GRDBL,37,45,50,103,5150.00,2019-10-24 21:31:58.149799
742,2019102401003666,SBI,18,18,1,405,405.00,2019-10-24 21:31:58.149799
743,2019102401003667,SJCL,52,52,20,175,3500.00,2019-10-24 21:31:58.149799
744,2019102401003668,UIC,22,19,13,254,3302.00,2019-10-24 21:31:58.149799
745,2019102401003669,UIC,53,19,50,254,12700.00,2019-10-24 21:31:58.149799
746,2019102401003670,UIC,57,19,47,253,11891.00,2019-10-24 21:31:58.149799
747,2019102401003671,CZBIL,45,13,297,196,58212.00,2019-10-24 21:31:58.149799
748,2019102401003672,JFL,35,48,200,193,38600.00,2019-10-24 21:31:58.149799
749,2019102401003673,PCBL,49,53,200,265,53000.00,2019-10-24 21:31:58.149799
750,2019102401003674,NBB,55,58,21,213,4473.00,2019-10-24 21:31:58.149799
751,2019102401003675,NBB,11,58,195,213,41535.00,2019-10-24 21:31:58.149799
752,2019102401003676,NBB,41,58,200,213,42600.00,2019-10-24 21:31:58.149799
753,2019102401003677,NBB,22,58,1000,213,213000.00,2019-10-24 21:31:58.149799
754,2019102401003678,SAPDBL,37,44,100,122,12200.00,2019-10-24 21:31:58.149799
755,2019102401003679,PRVU,14,4,593,268,158924.00,2019-10-24 21:31:58.149799
756,2019102401003680,PRVU,14,46,200,268,53600.00,2019-10-24 21:31:58.149799
757,2019102401003681,PRVU,14,57,207,268,55476.00,2019-10-24 21:31:58.149799
758,2019102401003682,HIDCL,29,54,42,137,5754.00,2019-10-24 21:31:58.149799
759,2019102401003683,SRBL,50,13,200,214,42800.00,2019-10-24 21:31:58.149799
760,2019102401003684,NLG,25,6,10,566,5660.00,2019-10-24 21:31:58.149799
761,2019102401003685,UFL,34,28,446,182,81172.00,2019-10-24 21:31:58.149799
762,2019102401003686,NBL,33,38,50,321,16050.00,2019-10-24 21:31:58.149799
763,2019102401003687,SBL,44,48,300,295,88500.00,2019-10-24 21:31:58.149799
764,2019102401003688,SMFBS,7,33,10,775,7750.00,2019-10-24 21:31:58.149799
765,2019102401003689,JBBL,58,29,100,158,15800.00,2019-10-24 21:31:58.149799
766,2019102401003690,NBL,17,22,900,320,288000.00,2019-10-24 21:31:58.149799
767,2019102401003691,PICL,25,49,100,434,43400.00,2019-10-24 21:31:58.149799
768,2019102401003692,SHIVM,29,17,60,491,29460.00,2019-10-24 21:31:58.149799
769,2019102401003693,SHIVM,37,17,100,491,49100.00,2019-10-24 21:31:58.149799
770,2019102401003694,SHIVM,45,17,100,491,49100.00,2019-10-24 21:31:58.149799
771,2019102401003695,SHIVM,45,58,300,491,147300.00,2019-10-24 21:31:58.149799
772,2019102401003696,SHIVM,45,58,200,491,98200.00,2019-10-24 21:31:58.149799
773,2019102401003697,NICA,14,28,20,411,8220.00,2019-10-24 21:31:58.149799
774,2019102401003698,SJCL,52,22,10,175,1750.00,2019-10-24 21:31:58.149799
775,2019102401003699,SANIMA,47,35,200,314,62800.00,2019-10-24 21:31:58.149799
776,2019102401003700,SANIMA,47,33,50,314,15700.00,2019-10-24 21:31:58.149799
777,2019102401003701,JFL,6,48,758,193,146294.00,2019-10-24 21:31:58.149799
778,2019102401003702,EBL,14,44,500,558,279000.00,2019-10-24 21:31:58.149799
779,2019102401003626,RSDC,26,55,10,327,3270.00,2019-10-24 21:31:58.149799
780,2019102401003627,JFL,42,48,225,193,43425.00,2019-10-24 21:31:58.149799
781,2019102401003628,SCB,29,1,80,570,45600.00,2019-10-24 21:31:58.149799
782,2019102401003629,SCB,29,14,20,570,11400.00,2019-10-24 21:31:58.149799
783,2019102401003630,SANIMA,14,57,380,312,118560.00,2019-10-24 21:31:58.149799
784,2019102401003631,SANIMA,14,34,48,312,14976.00,2019-10-24 21:31:58.149799
785,2019102401003632,AKPL,56,41,500,136,68000.00,2019-10-24 21:31:58.149799
786,2019102401003633,SBL,42,42,3800,294,1117200.00,2019-10-24 21:31:58.149799
787,2019102401003634,SJCL,52,44,10,175,1750.00,2019-10-24 21:31:58.149799
788,2019102401003635,SABSL,40,21,10,449,4490.00,2019-10-24 21:31:58.149799
789,2019102401003636,ILBS,48,52,10,417,4170.00,2019-10-24 21:31:58.149799
790,2019102401003637,KSBBL,22,32,20,145,2900.00,2019-10-24 21:31:58.149799
791,2019102401003638,NLICL,8,43,100,457,45700.00,2019-10-24 21:31:58.149799
792,2019102401003639,PCBL,14,53,20,265,5300.00,2019-10-24 21:31:58.149799
793,2019102401003640,NBL,17,46,100,320,32000.00,2019-10-24 21:31:58.149799
794,2019102401003641,AKPL,42,46,50,135,6750.00,2019-10-24 21:31:58.149799
795,2019102401003642,RMDC,33,34,10,623,6230.00,2019-10-24 21:31:58.149799
796,2019102401003643,RADHI,49,39,11,136,1496.00,2019-10-24 21:31:58.149799
797,2019102401003644,RADHI,49,39,11,136,1496.00,2019-10-24 21:31:58.149799
798,2019102401003645,RADHI,49,39,11,136,1496.00,2019-10-24 21:31:58.149799
799,2019102401003646,RADHI,49,37,11,136,1496.00,2019-10-24 21:31:58.149799
800,2019102401003647,SJCL,44,22,10,176,1760.00,2019-10-24 21:31:58.149799
801,2019102401003648,NCCB,43,49,100,203,20300.00,2019-10-24 21:31:58.149799
802,2019102401003649,RHPL,1,52,40,178,7120.00,2019-10-24 21:31:58.149799
803,2019102401003650,NMBMF,44,4,100,536,53600.00,2019-10-24 21:31:58.149799
804,2019102401003651,BPCL,26,58,22,365,8030.00,2019-10-24 21:31:58.149799
805,2019102401003652,BPCL,39,58,10,365,3650.00,2019-10-24 21:31:58.149799
806,2019102401003653,BPCL,49,58,50,365,18250.00,2019-10-24 21:31:58.149799
807,2019102401003654,BPCL,26,58,490,365,178850.00,2019-10-24 21:31:58.149799
808,2019102401003655,BPCL,48,58,51,364,18564.00,2019-10-24 21:31:58.149799
809,2019102401003656,BPCL,44,58,20,364,7280.00,2019-10-24 21:31:58.149799
810,2019102401003657,BPCL,55,58,500,364,182000.00,2019-10-24 21:31:58.149799
811,2019102401003658,BPCL,55,58,857,363,311091.00,2019-10-24 21:31:58.149799
812,2019102401003659,LBBL,8,28,130,173,22490.00,2019-10-24 21:31:58.149799
813,2019102401003660,LBBL,13,28,300,173,51900.00,2019-10-24 21:31:58.149799
814,2019102401003661,NIB,42,11,15,444,6660.00,2019-10-24 21:31:58.149799
815,2019102401003662,NIB,51,11,17,443,7531.00,2019-10-24 21:31:58.149799
816,2019102401003663,NIB,35,11,26,443,11518.00,2019-10-24 21:31:58.149799
817,2019102401003664,RRHP,22,39,10,101,1010.00,2019-10-24 21:31:58.149799
818,2019102401003589,ALICL,40,57,50,316,15800.00,2019-10-24 21:31:58.149799
819,2019102401003590,NCCB,43,35,100,203,20300.00,2019-10-24 21:31:58.149799
820,2019102401003591,CIT,34,13,20,1804,36080.00,2019-10-24 21:31:58.149799
821,2019102401003592,NLIC,4,16,16,802,12832.00,2019-10-24 21:31:58.149799
822,2019102401003593,NLIC,14,16,25,802,20050.00,2019-10-24 21:31:58.149799
823,2019102401003594,NLIC,19,16,200,802,160400.00,2019-10-24 21:31:58.149799
824,2019102401003595,DHPL,7,47,10,54,540.00,2019-10-24 21:31:58.149799
825,2019102401003596,PIC,39,54,23,365,8395.00,2019-10-24 21:31:58.149799
826,2019102401003597,KSBBL,22,32,20,145,2900.00,2019-10-24 21:31:58.149799
827,2019102401003598,NABIL,14,58,50,765,38250.00,2019-10-24 21:31:58.149799
828,2019102401003599,NABIL,19,58,200,765,153000.00,2019-10-24 21:31:58.149799
829,2019102401003600,NABIL,17,58,20,764,15280.00,2019-10-24 21:31:58.149799
830,2019102401003601,NABIL,43,58,500,764,382000.00,2019-10-24 21:31:58.149799
831,2019102401003602,NABIL,58,58,110,763,83930.00,2019-10-24 21:31:58.149799
832,2019102401003603,NABIL,32,58,20,763,15260.00,2019-10-24 21:31:58.149799
833,2019102401003604,NABIL,39,58,100,763,76300.00,2019-10-24 21:31:58.149799
834,2019102401003605,NABIL,20,58,100,763,76300.00,2019-10-24 21:31:58.149799
835,2019102401003606,NABIL,41,58,11,762,8382.00,2019-10-24 21:31:58.149799
836,2019102401003607,NABIL,32,58,50,762,38100.00,2019-10-24 21:31:58.149799
837,2019102401003608,NABIL,8,58,250,762,190500.00,2019-10-24 21:31:58.149799
838,2019102401003609,NABIL,48,58,40,761,30440.00,2019-10-24 21:31:58.149799
839,2019102401003610,NABIL,21,58,500,760,380000.00,2019-10-24 21:31:58.149799
840,2019102401003611,NABIL,43,58,49,760,37240.00,2019-10-24 21:31:58.149799
841,2019102401003612,SBL,53,42,500,294,147000.00,2019-10-24 21:31:58.149799
842,2019102401003613,SBL,35,42,200,294,58800.00,2019-10-24 21:31:58.149799
843,2019102401003614,SBL,56,42,1000,294,294000.00,2019-10-24 21:31:58.149799
844,2019102401003615,SBL,45,42,100,294,29400.00,2019-10-24 21:31:58.149799
845,2019102401003616,AKJCL,59,11,10,53,530.00,2019-10-24 21:31:58.149799
846,2019102401003617,SBL,26,42,10,294,2940.00,2019-10-24 21:31:58.149799
847,2019102401003618,NABIL,43,58,51,760,38760.00,2019-10-24 21:31:58.149799
848,2019102401003619,NABIL,56,58,100,760,76000.00,2019-10-24 21:31:58.149799
849,2019102401003620,NABIL,39,58,25,760,19000.00,2019-10-24 21:31:58.149799
850,2019102401003621,MEGA,46,3,110,201,22110.00,2019-10-24 21:31:58.149799
851,2019102401003622,HIDCL,44,44,5,135,675.00,2019-10-24 21:31:58.149799
852,2019102401003623,SBL,14,42,20,294,5880.00,2019-10-24 21:31:58.149799
853,2019102401003624,CZBIL,45,11,10,196,1960.00,2019-10-24 21:31:58.149799
854,2019102401003625,SADBL,22,49,20,139,2780.00,2019-10-24 21:31:58.149799
855,2019102401003565,PRVU,22,19,15,267,4005.00,2019-10-24 21:31:58.149799
856,2019102401003566,NLICL,6,43,200,457,91400.00,2019-10-24 21:31:58.149799
857,2019102401003567,MEGA,4,33,362,202,73124.00,2019-10-24 21:31:58.149799
858,2019102401003568,MEGA,4,48,638,202,128876.00,2019-10-24 21:31:58.149799
859,2019102401003569,LBBL,8,28,185,173,32005.00,2019-10-24 21:31:58.149799
860,2019102401003570,TMDBL,29,42,50,152,7600.00,2019-10-24 21:31:58.149799
861,2019102401003571,SCB,41,1,20,570,11400.00,2019-10-24 21:31:58.149799
862,2019102401003572,CCBL,14,52,50,157,7850.00,2019-10-24 21:31:58.149799
863,2019102401003573,RHPL,52,52,1000,179,179000.00,2019-10-24 21:31:58.149799
864,2019102401003574,MERO,39,49,200,560,112000.00,2019-10-24 21:31:58.149799
865,2019102401003575,MERO,42,49,20,560,11200.00,2019-10-24 21:31:58.149799
866,2019102401003576,MERO,42,49,30,560,16800.00,2019-10-24 21:31:58.149799
867,2019102401003577,RMDC,50,34,190,622,118180.00,2019-10-24 21:31:58.149799
868,2019102401003578,NICA,56,28,100,411,41100.00,2019-10-24 21:31:58.149799
869,2019102401003579,NICA,53,28,300,411,123300.00,2019-10-24 21:31:58.149799
870,2019102401003580,SPARS,17,11,10,529,5290.00,2019-10-24 21:31:58.149799
871,2019102401003581,SPARS,17,51,10,530,5300.00,2019-10-24 21:31:58.149799
872,2019102401003582,CFCL,7,33,2163,113,244419.00,2019-10-24 21:31:58.149799
873,2019102401003583,KBL,20,41,500,185,92500.00,2019-10-24 21:31:58.149799
874,2019102401003584,NLICL,8,43,90,457,41130.00,2019-10-24 21:31:58.149799
875,2019102401003585,SABSL,40,47,10,449,4490.00,2019-10-24 21:31:58.149799
876,2019102401003586,SADBL,22,49,20,139,2780.00,2019-10-24 21:31:58.149799
877,2019102401003587,SDESI,48,21,100,610,61000.00,2019-10-24 21:31:58.149799
878,2019102401003588,UPPER,33,13,40,239,9560.00,2019-10-24 21:31:58.149799
879,2019102401003526,SJCL,22,53,20,176,3520.00,2019-10-24 21:31:58.149799
880,2019102401003527,ADBL,47,45,100,416,41600.00,2019-10-24 21:31:58.149799
881,2019102401003528,CZBIL,44,28,138,196,27048.00,2019-10-24 21:31:58.149799
882,2019102401003529,CZBIL,32,28,147,196,28812.00,2019-10-24 21:31:58.149799
883,2019102401003530,JOSHI,39,47,10,62,620.00,2019-10-24 21:31:58.149799
884,2019102401003531,JOSHI,33,47,10,62,620.00,2019-10-24 21:31:58.149799
885,2019102401003532,PICL,51,47,20,433,8660.00,2019-10-24 21:31:58.149799
886,2019102401003533,KBL,14,33,20,185,3700.00,2019-10-24 21:31:58.149799
887,2019102401003534,SMATA,29,5,120,515,61800.00,2019-10-24 21:31:58.149799
888,2019102401003535,NIL,49,25,250,370,92500.00,2019-10-24 21:31:58.149799
889,2019102401003536,CZBIL,32,29,78,196,15288.00,2019-10-24 21:31:58.149799
890,2019102401003537,CZBIL,45,29,122,196,23912.00,2019-10-24 21:31:58.149799
891,2019102401003538,NTC,1,19,10,631,6310.00,2019-10-24 21:31:58.149799
892,2019102401003539,EBL,48,44,22,558,12276.00,2019-10-24 21:31:58.149799
893,2019102401003540,PRVU,46,4,31,268,8308.00,2019-10-24 21:31:58.149799
894,2019102401003541,SHIVM,10,11,200,492,98400.00,2019-10-24 21:31:58.149799
895,2019102401003542,CBL,14,51,50,144,7200.00,2019-10-24 21:31:58.149799
896,2019102401003543,SCB,41,45,60,569,34140.00,2019-10-24 21:31:58.149799
897,2019102401003544,RHPL,1,52,40,178,7120.00,2019-10-24 21:31:58.149799
898,2019102401003545,GBLBS,47,21,20,315,6300.00,2019-10-24 21:31:58.149799
899,2019102401003546,GBLBS,36,21,30,315,9450.00,2019-10-24 21:31:58.149799
900,2019102401003547,NLICL,6,43,300,457,137100.00,2019-10-24 21:31:58.149799
901,2019102401003548,UIC,22,57,47,254,11938.00,2019-10-24 21:31:58.149799
902,2019102401003549,RBCL,51,39,10,8300,83000.00,2019-10-24 21:31:58.149799
903,2019102401003550,TRH,33,6,10,290,2900.00,2019-10-24 21:31:58.149799
904,2019102401003551,MEGA,4,50,131,202,26462.00,2019-10-24 21:31:58.149799
905,2019102401003552,MEGA,4,42,100,202,20200.00,2019-10-24 21:31:58.149799
906,2019102401003553,MEGA,4,51,331,202,66862.00,2019-10-24 21:31:58.149799
907,2019102401003554,MEGA,4,32,300,202,60600.00,2019-10-24 21:31:58.149799
908,2019102401003555,MEGA,4,56,500,202,101000.00,2019-10-24 21:31:58.149799
909,2019102401003556,MEGA,4,33,638,202,128876.00,2019-10-24 21:31:58.149799
910,2019102401003557,ALICL,25,47,20,317,6340.00,2019-10-24 21:31:58.149799
911,2019102401003558,SCB,41,45,48,569,27312.00,2019-10-24 21:31:58.149799
912,2019102401003559,LBBL,8,28,185,173,32005.00,2019-10-24 21:31:58.149799
913,2019102401003560,JFL,32,48,200,193,38600.00,2019-10-24 21:31:58.149799
914,2019102401003561,ALICL,47,57,100,317,31700.00,2019-10-24 21:31:58.149799
915,2019102401003562,ALICL,45,57,280,316,88480.00,2019-10-24 21:31:58.149799
916,2019102401003563,ALICL,40,57,120,316,37920.00,2019-10-24 21:31:58.149799
917,2019102401003564,KBL,43,33,980,185,181300.00,2019-10-24 21:31:58.149799
918,2019102401003495,SLICL,32,47,20,266,5320.00,2019-10-24 21:31:58.149799
919,2019102401003496,PPCL,22,22,20,95,1900.00,2019-10-24 21:31:58.149799
920,2019102401003497,SJCL,52,38,20,175,3500.00,2019-10-24 21:31:58.149799
921,2019102401003498,SBL,8,35,30,295,8850.00,2019-10-24 21:31:58.149799
922,2019102401003499,SLICL,14,6,100,268,26800.00,2019-10-24 21:31:58.149799
923,2019102401003500,NMFBS,33,7,25,1735,43375.00,2019-10-24 21:31:58.149799
924,2019102401003501,NMFBS,33,28,15,1735,26025.00,2019-10-24 21:31:58.149799
925,2019102401003502,NMFBS,33,14,10,1739,17390.00,2019-10-24 21:31:58.149799
926,2019102401003503,SHIVM,29,6,100,491,49100.00,2019-10-24 21:31:58.149799
927,2019102401003504,RHPL,58,38,40,177,7080.00,2019-10-24 21:31:58.149799
928,2019102401003505,SIL,39,47,20,382,7640.00,2019-10-24 21:31:58.149799
929,2019102401003506,SJCL,52,38,20,175,3500.00,2019-10-24 21:31:58.149799
930,2019102401003507,RHPL,22,47,30,179,5370.00,2019-10-24 21:31:58.149799
931,2019102401003508,RHPL,22,38,10,179,1790.00,2019-10-24 21:31:58.149799
932,2019102401003509,RHPL,58,38,30,177,5310.00,2019-10-24 21:31:58.149799
933,2019102401003510,SBL,8,35,70,295,20650.00,2019-10-24 21:31:58.149799
934,2019102401003511,SBL,8,48,50,295,14750.00,2019-10-24 21:31:58.149799
935,2019102401003512,EIC,6,7,160,231,36960.00,2019-10-24 21:31:58.149799
936,2019102401003513,ILBS,35,35,10,420,4200.00,2019-10-24 21:31:58.149799
937,2019102401003514,RMDC,14,53,100,620,62000.00,2019-10-24 21:31:58.149799
938,2019102401003515,GBBL,39,4,250,218,54500.00,2019-10-24 21:31:58.149799
939,2019102401003516,SJCL,52,38,20,175,3500.00,2019-10-24 21:31:58.149799
940,2019102401003517,MLBL,41,21,50,214,10700.00,2019-10-24 21:31:58.149799
941,2019102401003518,MLBBL,29,22,50,440,22000.00,2019-10-24 21:31:58.149799
942,2019102401003519,SABSL,22,22,10,450,4500.00,2019-10-24 21:31:58.149799
943,2019102401003520,NLIC,4,54,39,802,31278.00,2019-10-24 21:31:58.149799
944,2019102401003521,SANIMA,57,57,500,312,156000.00,2019-10-24 21:31:58.149799
945,2019102401003522,SANIMA,14,57,100,312,31200.00,2019-10-24 21:31:58.149799
946,2019102401003523,SANIMA,7,57,20,312,6240.00,2019-10-24 21:31:58.149799
947,2019102401003524,PRVU,46,4,232,268,62176.00,2019-10-24 21:31:58.149799
948,2019102401003525,SHIVM,29,47,10,491,4910.00,2019-10-24 21:31:58.149799
949,2019102401003472,RMDC,33,34,10,622,6220.00,2019-10-24 21:31:58.149799
950,2019102401003473,RMDC,51,53,15,618,9270.00,2019-10-24 21:31:58.149799
951,2019102401003474,RBCLPO,32,33,20,7300,146000.00,2019-10-24 21:31:58.149799
952,2019102401003475,SJCL,7,45,30,175,5250.00,2019-10-24 21:31:58.149799
953,2019102401003476,SJCL,34,45,100,175,17500.00,2019-10-24 21:31:58.149799
954,2019102401003477,RSDC,39,17,13,324,4212.00,2019-10-24 21:31:58.149799
955,2019102401003478,MPFL,21,48,96,100,9600.00,2019-10-24 21:31:58.149799
956,2019102401003479,RHPL,58,38,40,177,7080.00,2019-10-24 21:31:58.149799
957,2019102401003480,SCB,14,50,64,569,36416.00,2019-10-24 21:31:58.149799
958,2019102401003481,SCB,14,45,36,569,20484.00,2019-10-24 21:31:58.149799
959,2019102401003482,SJCL,25,38,20,174,3480.00,2019-10-24 21:31:58.149799
960,2019102401003483,NBB,55,25,1000,213,213000.00,2019-10-24 21:31:58.149799
961,2019102401003484,SJCL,58,45,960,175,168000.00,2019-10-24 21:31:58.149799
962,2019102401003485,SMFBS,28,22,10,774,7740.00,2019-10-24 21:31:58.149799
963,2019102401003486,SMFBS,28,58,10,775,7750.00,2019-10-24 21:31:58.149799
964,2019102401003487,UIC,22,47,10,254,2540.00,2019-10-24 21:31:58.149799
965,2019102401003488,NICA,56,33,500,411,205500.00,2019-10-24 21:31:58.149799
966,2019102401003489,SHIVM,29,46,30,491,14730.00,2019-10-24 21:31:58.149799
967,2019102401003490,AKBSL,22,22,10,409,4090.00,2019-10-24 21:31:58.149799
968,2019102401003491,SRBL,50,33,640,214,136960.00,2019-10-24 21:31:58.149799
969,2019102401003492,SRBL,50,47,244,214,52216.00,2019-10-24 21:31:58.149799
970,2019102401003493,PRVU,29,53,500,268,134000.00,2019-10-24 21:31:58.149799
971,2019102401003494,RHPL,58,38,40,177,7080.00,2019-10-24 21:31:58.149799
972,2019102401003449,HIDCL,29,38,14,137,1918.00,2019-10-24 21:31:58.149799
973,2019102401003450,SWBBL,45,47,393,906,356058.00,2019-10-24 21:31:58.149799
974,2019102401003451,SPARS,44,44,10,528,5280.00,2019-10-24 21:31:58.149799
975,2019102401003452,PIC,37,54,100,365,36500.00,2019-10-24 21:31:58.149799
976,2019102401003453,RADHI,38,38,12,136,1632.00,2019-10-24 21:31:58.149799
977,2019102401003454,RHPL,25,22,40,178,7120.00,2019-10-24 21:31:58.149799
978,2019102401003455,RHPL,25,38,10,179,1790.00,2019-10-24 21:31:58.149799
979,2019102401003456,RHPL,25,49,200,179,35800.00,2019-10-24 21:31:58.149799
980,2019102401003457,MEGA,45,25,140,202,28280.00,2019-10-24 21:31:58.149799
981,2019102401003458,MEGA,45,33,360,202,72720.00,2019-10-24 21:31:58.149799
982,2019102401003459,CCBL,49,32,1797,156,280332.00,2019-10-24 21:31:58.149799
983,2019102401003460,NICA,28,20,10,411,4110.00,2019-10-24 21:31:58.149799
984,2019102401003461,ICFC,14,45,100,163,16300.00,2019-10-24 21:31:58.149799
985,2019102401003462,NLIC,4,55,77,802,61754.00,2019-10-24 21:31:58.149799
986,2019102401003463,MEGA,45,33,140,202,28280.00,2019-10-24 21:31:58.149799
987,2019102401003464,MEGA,45,50,60,202,12120.00,2019-10-24 21:31:58.149799
988,2019102401003465,TMDBL,29,45,50,150,7500.00,2019-10-24 21:31:58.149799
989,2019102401003466,TMDBL,29,4,1000,150,150000.00,2019-10-24 21:31:58.149799
990,2019102401003467,NMBMF,44,1,20,536,10720.00,2019-10-24 21:31:58.149799
991,2019102401003468,SJCL,7,44,20,175,3500.00,2019-10-24 21:31:58.149799
992,2019102401003469,KSBBL,39,25,50,144,7200.00,2019-10-24 21:31:58.149799
993,2019102401003470,PPCL,22,47,10,94,940.00,2019-10-24 21:31:58.149799
994,2019102401003471,NIB,14,19,35,445,15575.00,2019-10-24 21:31:58.149799
995,2019102401003427,NADEP,29,17,12,400,4800.00,2019-10-24 21:31:58.149799
996,2019102401003428,PRVU,14,8,106,268,28408.00,2019-10-24 21:31:58.149799
997,2019102401003429,PRVU,14,4,144,268,38592.00,2019-10-24 21:31:58.149799
998,2019102401003430,SBL,58,42,170,295,50150.00,2019-10-24 21:31:58.149799
999,2019102401003431,SBL,56,42,500,295,147500.00,2019-10-24 21:31:58.149799
1000,2019102401003432,SBL,53,42,1000,295,295000.00,2019-10-24 21:31:58.149799
1001,2019102401003433,SBL,14,42,400,295,118000.00,2019-10-24 21:31:58.149799
1002,2019102401003434,SBL,47,42,100,295,29500.00,2019-10-24 21:31:58.149799
1003,2019102401003435,SBL,44,42,200,295,59000.00,2019-10-24 21:31:58.149799
1004,2019102401003436,NBB,55,49,400,213,85200.00,2019-10-24 21:31:58.149799
1005,2019102401003437,NLICL,45,43,100,459,45900.00,2019-10-24 21:31:58.149799
1006,2019102401003438,NLICL,41,43,10,459,4590.00,2019-10-24 21:31:58.149799
1007,2019102401003439,RHPL,44,21,30,180,5400.00,2019-10-24 21:31:58.149799
1008,2019102401003440,FMDBL,49,53,250,314,78500.00,2019-10-24 21:31:58.149799
1009,2019102401003441,FMDBL,49,33,140,315,44100.00,2019-10-24 21:31:58.149799
1010,2019102401003442,FOWAD,36,54,19,1290,24510.00,2019-10-24 21:31:58.149799
1011,2019102401003443,PCBL,26,53,200,265,53000.00,2019-10-24 21:31:58.149799
1012,2019102401003444,SJCL,44,41,20,175,3500.00,2019-10-24 21:31:58.149799
1013,2019102401003445,AKPL,25,57,10,138,1380.00,2019-10-24 21:31:58.149799
1014,2019102401003446,AKPL,25,57,10,138,1380.00,2019-10-24 21:31:58.149799
1015,2019102401003447,NMFBS,7,52,20,1720,34400.00,2019-10-24 21:31:58.149799
1016,2019102401003448,SMFBS,44,44,10,774,7740.00,2019-10-24 21:31:58.149799
1017,2019102401003395,NLIC,46,55,12,802,9624.00,2019-10-24 21:31:58.149799
1018,2019102401003396,NLIC,4,55,58,802,46516.00,2019-10-24 21:31:58.149799
1019,2019102401003397,ILBS,44,54,10,419,4190.00,2019-10-24 21:31:58.149799
1020,2019102401003398,SHIVM,50,25,40,491,19640.00,2019-10-24 21:31:58.149799
1021,2019102401003399,SHIVM,48,25,50,491,24550.00,2019-10-24 21:31:58.149799
1022,2019102401003400,SHIVM,58,25,15,490,7350.00,2019-10-24 21:31:58.149799
1023,2019102401003401,SHIVM,41,25,200,490,98000.00,2019-10-24 21:31:58.149799
1024,2019102401003402,SHIVM,54,25,995,490,487550.00,2019-10-24 21:31:58.149799
1025,2019102401003403,NMBMF,51,1,10,537,5370.00,2019-10-24 21:31:58.149799
1026,2019102401003404,NMBMF,44,1,40,536,21440.00,2019-10-24 21:31:58.149799
1027,2019102401003405,SICL,44,56,500,736,368000.00,2019-10-24 21:31:58.149799
1028,2019102401003406,ILBS,38,44,10,418,4180.00,2019-10-24 21:31:58.149799
1029,2019102401003407,MERO,39,6,300,561,168300.00,2019-10-24 21:31:58.149799
1030,2019102401003408,PCBL,26,53,800,265,212000.00,2019-10-24 21:31:58.149799
1031,2019102401003409,CZBIL,58,16,28,197,5516.00,2019-10-24 21:31:58.149799
1032,2019102401003410,CZBIL,58,44,22,197,4334.00,2019-10-24 21:31:58.149799
1033,2019102401003411,EIC,38,7,144,231,33264.00,2019-10-24 21:31:58.149799
1034,2019102401003412,NICA,53,29,216,411,88776.00,2019-10-24 21:31:58.149799
1035,2019102401003413,NICA,28,29,284,411,116724.00,2019-10-24 21:31:58.149799
1036,2019102401003414,SBL,58,52,18,296,5328.00,2019-10-24 21:31:58.149799
1037,2019102401003415,SJCL,34,37,440,175,77000.00,2019-10-24 21:31:58.149799
1038,2019102401003416,SJCL,48,37,300,175,52500.00,2019-10-24 21:31:58.149799
1039,2019102401003417,SJCL,25,37,100,175,17500.00,2019-10-24 21:31:58.149799
1040,2019102401003418,SJCL,1,37,80,175,14000.00,2019-10-24 21:31:58.149799
1041,2019102401003419,SJCL,1,37,60,175,10500.00,2019-10-24 21:31:58.149799
1042,2019102401003420,GLICL,38,38,87,356,30972.00,2019-10-24 21:31:58.149799
1043,2019102401003421,GMFIL,54,49,72,118,8496.00,2019-10-24 21:31:58.149799
1044,2019102401003422,API,25,25,200,113,22600.00,2019-10-24 21:31:58.149799
1045,2019102401003423,RHPL,58,41,40,177,7080.00,2019-10-24 21:31:58.149799
1046,2019102401003424,KBL,43,1,514,185,95090.00,2019-10-24 21:31:58.149799
1047,2019102401003425,RMDC,39,17,100,620,62000.00,2019-10-24 21:31:58.149799
1048,2019102401003426,RMDC,39,58,300,621,186300.00,2019-10-24 21:31:58.149799
1049,2019102401003368,MEGA,4,41,200,201,40200.00,2019-10-24 21:31:58.149799
1050,2019102401003369,MEGA,4,41,2000,201,402000.00,2019-10-24 21:31:58.149799
1051,2019102401003370,MEGA,41,41,20,201,4020.00,2019-10-24 21:31:58.149799
1052,2019102401003371,MEGA,46,41,2873,201,577473.00,2019-10-24 21:31:58.149799
1053,2019102401003372,ICFC,21,38,40,162,6480.00,2019-10-24 21:31:58.149799
1054,2019102401003373,ICFC,51,38,100,160,16000.00,2019-10-24 21:31:58.149799
1055,2019102401003374,ICFC,1,38,177,160,28320.00,2019-10-24 21:31:58.149799
1056,2019102401003375,HURJA,11,14,20,105,2100.00,2019-10-24 21:31:58.149799
1057,2019102401003376,KBL,43,32,200,185,37000.00,2019-10-24 21:31:58.149799
1058,2019102401003377,NLICL,26,25,48,461,22128.00,2019-10-24 21:31:58.149799
1059,2019102401003378,NLICL,26,25,500,460,230000.00,2019-10-24 21:31:58.149799
1060,2019102401003379,SANIMA,49,1,278,312,86736.00,2019-10-24 21:31:58.149799
1061,2019102401003380,SANIMA,39,1,100,312,31200.00,2019-10-24 21:31:58.149799
1062,2019102401003381,SANIMA,57,1,120,312,37440.00,2019-10-24 21:31:58.149799
1063,2019102401003382,RHPL,58,39,40,177,7080.00,2019-10-24 21:31:58.149799
1064,2019102401003383,EBL,48,44,22,558,12276.00,2019-10-24 21:31:58.149799
1065,2019102401003384,NBB,55,37,84,213,17892.00,2019-10-24 21:31:58.149799
1066,2019102401003385,CZBIL,44,48,300,196,58800.00,2019-10-24 21:31:58.149799
1067,2019102401003386,AKBSL,44,44,10,409,4090.00,2019-10-24 21:31:58.149799
1068,2019102401003387,GBBL,39,39,108,219,23652.00,2019-10-24 21:31:58.149799
1069,2019102401003388,GBBL,39,39,76,219,16644.00,2019-10-24 21:31:58.149799
1070,2019102401003389,GBBL,39,25,200,219,43800.00,2019-10-24 21:31:58.149799
1071,2019102401003390,GBBL,39,39,26,219,5694.00,2019-10-24 21:31:58.149799
1072,2019102401003391,EIC,37,7,101,231,23331.00,2019-10-24 21:31:58.149799
1073,2019102401003392,MEGA,58,25,60,202,12120.00,2019-10-24 21:31:58.149799
1074,2019102401003393,SJCL,34,39,20,175,3500.00,2019-10-24 21:31:58.149799
1075,2019102401003394,MBL,14,32,400,229,91600.00,2019-10-24 21:31:58.149799
1076,2019102401003336,MEGA,4,32,200,201,40200.00,2019-10-24 21:31:58.149799
1077,2019102401003337,MEGA,4,51,1000,201,201000.00,2019-10-24 21:31:58.149799
1078,2019102401003338,MEGA,4,53,500,201,100500.00,2019-10-24 21:31:58.149799
1079,2019102401003339,MEGA,4,22,100,201,20100.00,2019-10-24 21:31:58.149799
1080,2019102401003340,MBL,57,50,10,228,2280.00,2019-10-24 21:31:58.149799
1081,2019102401003341,NLG,42,25,20,555,11100.00,2019-10-24 21:31:58.149799
1082,2019102401003342,SICL,36,17,50,739,36950.00,2019-10-24 21:31:58.149799
1083,2019102401003343,PCBL,11,53,1000,265,265000.00,2019-10-24 21:31:58.149799
1084,2019102401003344,PCBL,22,53,200,265,53000.00,2019-10-24 21:31:58.149799
1085,2019102401003345,SRBL,6,47,21,213,4473.00,2019-10-24 21:31:58.149799
1086,2019102401003346,SRBL,6,47,479,213,102027.00,2019-10-24 21:31:58.149799
1087,2019102401003347,SRBL,6,10,28,213,5964.00,2019-10-24 21:31:58.149799
1088,2019102401003348,MSMBS,34,11,22,460,10120.00,2019-10-24 21:31:58.149799
1089,2019102401003349,MSMBS,34,45,11,465,5115.00,2019-10-24 21:31:58.149799
1090,2019102401003350,SCB,34,59,110,566,62260.00,2019-10-24 21:31:58.149799
1091,2019102401003351,NIBPO,28,52,200,408,81600.00,2019-10-24 21:31:58.149799
1092,2019102401003352,NIBPO,41,52,100,408,40800.00,2019-10-24 21:31:58.149799
1093,2019102401003353,NIBPO,39,52,1000,407,407000.00,2019-10-24 21:31:58.149799
1094,2019102401003354,NIB,39,54,100,445,44500.00,2019-10-24 21:31:58.149799
1095,2019102401003355,NGPL,1,52,112,100,11200.00,2019-10-24 21:31:58.149799
1096,2019102401003356,RHPL,58,44,30,177,5310.00,2019-10-24 21:31:58.149799
1097,2019102401003357,UPPER,41,33,785,240,188400.00,2019-10-24 21:31:58.149799
1098,2019102401003358,UPPER,41,43,30,240,7200.00,2019-10-24 21:31:58.149799
1099,2019102401003359,NLIC,46,47,188,802,150776.00,2019-10-24 21:31:58.149799
1100,2019102401003360,SABSL,40,17,10,449,4490.00,2019-10-24 21:31:58.149799
1101,2019102401003361,NMBMF,32,14,20,538,10760.00,2019-10-24 21:31:58.149799
1102,2019102401003362,NMBMF,51,14,90,537,48330.00,2019-10-24 21:31:58.149799
1103,2019102401003363,CZBIL,44,11,10,196,1960.00,2019-10-24 21:31:58.149799
1104,2019102401003364,RHPL,55,44,530,178,94340.00,2019-10-24 21:31:58.149799
1105,2019102401003365,LLBS,18,34,10,671,6710.00,2019-10-24 21:31:58.149799
1106,2019102401003366,AKJCL,59,11,20,53,1060.00,2019-10-24 21:31:58.149799
1107,2019102401003367,RHPL,58,49,410,177,72570.00,2019-10-24 21:31:58.149799
1108,2019102401003306,EIC,32,59,150,230,34500.00,2019-10-24 21:31:58.149799
1109,2019102401003307,LBL,46,52,167,217,36239.00,2019-10-24 21:31:58.149799
1110,2019102401003308,LBL,49,52,763,217,165571.00,2019-10-24 21:31:58.149799
1111,2019102401003309,KBL,58,32,1000,185,185000.00,2019-10-24 21:31:58.149799
1112,2019102401003310,NICA,29,49,600,411,246600.00,2019-10-24 21:31:58.149799
1113,2019102401003311,NICA,29,49,600,411,246600.00,2019-10-24 21:31:58.149799
1114,2019102401003312,NICA,53,49,84,411,34524.00,2019-10-24 21:31:58.149799
1115,2019102401003313,NIB,42,11,55,444,24420.00,2019-10-24 21:31:58.149799
1116,2019102401003314,ALBSL,51,13,185,379,70115.00,2019-10-24 21:31:58.149799
1117,2019102401003315,ALBSL,42,13,25,379,9475.00,2019-10-24 21:31:58.149799
1118,2019102401003316,UPPER,33,50,293,239,70027.00,2019-10-24 21:31:58.149799
1119,2019102401003317,NLICL,35,34,10,465,4650.00,2019-10-24 21:31:58.149799
1120,2019102401003318,CBL,8,39,460,143,65780.00,2019-10-24 21:31:58.149799
1121,2019102401003319,JFL,6,48,200,193,38600.00,2019-10-24 21:31:58.149799
1122,2019102401003320,SBL,50,13,425,296,125800.00,2019-10-24 21:31:58.149799
1123,2019102401003321,SBL,1,13,100,296,29600.00,2019-10-24 21:31:58.149799
1124,2019102401003322,SBL,28,13,200,296,59200.00,2019-10-24 21:31:58.149799
1125,2019102401003323,SBL,39,13,275,296,81400.00,2019-10-24 21:31:58.149799
1126,2019102401003324,PRVU,22,4,250,267,66750.00,2019-10-24 21:31:58.149799
1127,2019102401003325,PRVU,54,4,50,267,13350.00,2019-10-24 21:31:58.149799
1128,2019102401003326,PRVU,54,4,100,267,26700.00,2019-10-24 21:31:58.149799
1129,2019102401003327,PRVU,44,4,250,267,66750.00,2019-10-24 21:31:58.149799
1130,2019102401003328,PRVU,38,4,500,267,133500.00,2019-10-24 21:31:58.149799
1131,2019102401003329,PRVU,22,4,351,267,93717.00,2019-10-24 21:31:58.149799
1132,2019102401003330,RHPL,50,44,470,178,83660.00,2019-10-24 21:31:58.149799
1133,2019102401003331,SJCL,41,35,160,176,28160.00,2019-10-24 21:31:58.149799
1134,2019102401003332,SJCL,14,35,500,176,88000.00,2019-10-24 21:31:58.149799
1135,2019102401003333,SJCL,43,35,100,176,17600.00,2019-10-24 21:31:58.149799
1136,2019102401003334,UPPER,29,33,80,240,19200.00,2019-10-24 21:31:58.149799
1137,2019102401003335,SBL,39,52,25,296,7400.00,2019-10-24 21:31:58.149799
1138,2019102401003291,NLG,49,49,5000,550,2750000.00,2019-10-24 21:31:58.149799
1139,2019102401003292,DDBL,49,38,78,730,56940.00,2019-10-24 21:31:58.149799
1140,2019102401003293,DDBL,49,38,22,730,16060.00,2019-10-24 21:31:58.149799
1141,2019102401003294,SCB,34,13,10,567,5670.00,2019-10-24 21:31:58.149799
1142,2019102401003295,PRVU,33,52,100,268,26800.00,2019-10-24 21:31:58.149799
1143,2019102401003296,PRVU,33,8,100,268,26800.00,2019-10-24 21:31:58.149799
1144,2019102401003297,NLBBL,55,55,200,497,99400.00,2019-10-24 21:31:58.149799
1145,2019102401003298,RHPL,50,54,30,178,5340.00,2019-10-24 21:31:58.149799
1146,2019102401003299,UPCL,7,54,50,78,3900.00,2019-10-24 21:31:58.149799
1147,2019102401003300,NABIL,47,39,100,765,76500.00,2019-10-24 21:31:58.149799
1148,2019102401003301,NABIL,17,39,100,764,76400.00,2019-10-24 21:31:58.149799
1149,2019102401003302,RSDC,35,11,10,320,3200.00,2019-10-24 21:31:58.149799
1150,2019102401003303,LGIL,25,17,50,336,16800.00,2019-10-24 21:31:58.149799
1151,2019102401003304,GLICL,42,48,37,356,13172.00,2019-10-24 21:31:58.149799
1152,2019102401003305,GLICL,38,48,63,356,22428.00,2019-10-24 21:31:58.149799
1153,2019102401003265,SJCL,41,58,20,176,3520.00,2019-10-24 21:31:58.149799
1154,2019102401003266,RHPL,58,49,730,179,130670.00,2019-10-24 21:31:58.149799
1155,2019102401003267,RHPL,58,49,500,178,89000.00,2019-10-24 21:31:58.149799
1156,2019102401003268,RHPL,18,49,300,178,53400.00,2019-10-24 21:31:58.149799
1157,2019102401003269,RHPL,34,49,500,178,89000.00,2019-10-24 21:31:58.149799
1158,2019102401003270,RHPL,41,49,500,178,89000.00,2019-10-24 21:31:58.149799
1159,2019102401003271,RHPL,54,49,2000,178,356000.00,2019-10-24 21:31:58.149799
1160,2019102401003272,RHPL,1,49,60,178,10680.00,2019-10-24 21:31:58.149799
1161,2019102401003273,EBL,46,45,39,557,21723.00,2019-10-24 21:31:58.149799
1162,2019102401003274,EBL,46,44,361,558,201438.00,2019-10-24 21:31:58.149799
1163,2019102401003275,SBL,50,25,125,296,37000.00,2019-10-24 21:31:58.149799
1164,2019102401003276,RHPL,58,52,340,177,60180.00,2019-10-24 21:31:58.149799
1165,2019102401003277,RHPL,19,52,1000,177,177000.00,2019-10-24 21:31:58.149799
1166,2019102401003278,RHPL,58,52,1660,177,293820.00,2019-10-24 21:31:58.149799
1167,2019102401003279,NBL,17,38,410,320,131200.00,2019-10-24 21:31:58.149799
1168,2019102401003280,NBL,53,38,500,320,160000.00,2019-10-24 21:31:58.149799
1169,2019102401003281,NBL,41,38,500,320,160000.00,2019-10-24 21:31:58.149799
1170,2019102401003282,NABIL,45,34,57,764,43548.00,2019-10-24 21:31:58.149799
1171,2019102401003283,NABIL,17,34,80,764,61120.00,2019-10-24 21:31:58.149799
1172,2019102401003284,KBL,40,32,100,185,18500.00,2019-10-24 21:31:58.149799
1173,2019102401003285,SBI,53,45,100,406,40600.00,2019-10-24 21:31:58.149799
1174,2019102401003286,SJCL,41,54,10,176,1760.00,2019-10-24 21:31:58.149799
1175,2019102401003287,SLICL,6,1,100,266,26600.00,2019-10-24 21:31:58.149799
1176,2019102401003288,CCBL,49,50,140,156,21840.00,2019-10-24 21:31:58.149799
1177,2019102401003289,DDBL,49,38,47,730,34310.00,2019-10-24 21:31:58.149799
1178,2019102401003290,KBL,58,58,681,185,125985.00,2019-10-24 21:31:58.149799
1179,2019102401003229,PICL,16,48,100,437,43700.00,2019-10-24 21:31:58.149799
1180,2019102401003230,PICL,34,48,100,436,43600.00,2019-10-24 21:31:58.149799
1181,2019102401003231,PICL,6,48,291,435,126585.00,2019-10-24 21:31:58.149799
1182,2019102401003232,SABSL,47,37,30,449,13470.00,2019-10-24 21:31:58.149799
1183,2019102401003233,SABSL,50,37,50,448,22400.00,2019-10-24 21:31:58.149799
1184,2019102401003234,EIC,25,7,95,231,21945.00,2019-10-24 21:31:58.149799
1185,2019102401003235,RHPL,58,58,40,179,7160.00,2019-10-24 21:31:58.149799
1186,2019102401003236,NICA,28,8,561,412,231132.00,2019-10-24 21:31:58.149799
1187,2019102401003237,NICA,35,8,200,412,82400.00,2019-10-24 21:31:58.149799
1188,2019102401003238,NICA,28,8,184,412,75808.00,2019-10-24 21:31:58.149799
1189,2019102401003239,MERO,39,49,133,560,74480.00,2019-10-24 21:31:58.149799
1190,2019102401003240,MERO,39,58,175,561,98175.00,2019-10-24 21:31:58.149799
1191,2019102401003241,MERO,39,6,200,561,112200.00,2019-10-24 21:31:58.149799
1192,2019102401003242,SJCL,5,58,20,177,3540.00,2019-10-24 21:31:58.149799
1193,2019102401003243,EIC,32,37,24,230,5520.00,2019-10-24 21:31:58.149799
1194,2019102401003244,SBL,58,25,500,295,147500.00,2019-10-24 21:31:58.149799
1195,2019102401003245,NICA,28,8,816,412,336192.00,2019-10-24 21:31:58.149799
1196,2019102401003246,NICA,28,8,184,412,75808.00,2019-10-24 21:31:58.149799
1197,2019102401003247,PCBL,11,41,261,265,69165.00,2019-10-24 21:31:58.149799
1198,2019102401003248,UPPER,6,33,75,240,18000.00,2019-10-24 21:31:58.149799
1199,2019102401003249,UPPER,17,33,40,240,9600.00,2019-10-24 21:31:58.149799
1200,2019102401003250,UPPER,41,33,20,240,4800.00,2019-10-24 21:31:58.149799
1201,2019102401003251,SHINE,42,21,20,255,5100.00,2019-10-24 21:31:58.149799
1202,2019102401003252,CZBIL,44,10,18,196,3528.00,2019-10-24 21:31:58.149799
1203,2019102401003253,SJCL,5,37,245,177,43365.00,2019-10-24 21:31:58.149799
1204,2019102401003254,SJCL,58,37,500,177,88500.00,2019-10-24 21:31:58.149799
1205,2019102401003255,SJCL,32,37,200,177,35400.00,2019-10-24 21:31:58.149799
1206,2019102401003256,SJCL,32,37,100,177,17700.00,2019-10-24 21:31:58.149799
1207,2019102401003257,SJCL,45,37,300,177,53100.00,2019-10-24 21:31:58.149799
1208,2019102401003258,RHPL,58,58,40,179,7160.00,2019-10-24 21:31:58.149799
1209,2019102401003259,NICA,28,57,200,412,82400.00,2019-10-24 21:31:58.149799
1210,2019102401003260,NICA,28,49,616,412,253792.00,2019-10-24 21:31:58.149799
1211,2019102401003261,NICA,28,49,1000,412,412000.00,2019-10-24 21:31:58.149799
1212,2019102401003262,NICA,28,49,1000,412,412000.00,2019-10-24 21:31:58.149799
1213,2019102401003263,NICA,28,49,1000,412,412000.00,2019-10-24 21:31:58.149799
1214,2019102401003264,NICA,21,49,100,412,41200.00,2019-10-24 21:31:58.149799
1215,2019102401003205,NBL,17,10,40,320,12800.00,2019-10-24 21:31:58.149799
1216,2019102401003206,SHL,53,58,137,210,28770.00,2019-10-24 21:31:58.149799
1217,2019102401003207,CCBL,49,39,79,157,12403.00,2019-10-24 21:31:58.149799
1218,2019102401003208,CCBL,49,45,2000,157,314000.00,2019-10-24 21:31:58.149799
1219,2019102401003209,SLICL,4,17,65,265,17225.00,2019-10-24 21:31:58.149799
1220,2019102401003210,AKBSL,42,45,70,407,28490.00,2019-10-24 21:31:58.149799
1221,2019102401003211,NLICL,26,1,50,461,23050.00,2019-10-24 21:31:58.149799
1222,2019102401003212,KBL,40,19,400,185,74000.00,2019-10-24 21:31:58.149799
1223,2019102401003213,EIC,44,25,27,233,6291.00,2019-10-24 21:31:58.149799
1224,2019102401003214,SKBBL,22,51,100,934,93400.00,2019-10-24 21:31:58.149799
1225,2019102401003215,NLICL,18,28,200,464,92800.00,2019-10-24 21:31:58.149799
1226,2019102401003216,PFL,22,46,58,134,7772.00,2019-10-24 21:31:58.149799
1227,2019102401003217,BOKL,49,10,60,228,13680.00,2019-10-24 21:31:58.149799
1228,2019102401003218,TMDBL,52,45,50,150,7500.00,2019-10-24 21:31:58.149799
1229,2019102401003219,SHIVM,48,37,60,491,29460.00,2019-10-24 21:31:58.149799
1230,2019102401003220,SHIVM,3,37,30,491,14730.00,2019-10-24 21:31:58.149799
1231,2019102401003221,SHIVM,50,37,60,491,29460.00,2019-10-24 21:31:58.149799
1232,2019102401003222,SIC,19,35,200,470,94000.00,2019-10-24 21:31:58.149799
1233,2019102401003223,MSLB,34,48,80,870,69600.00,2019-10-24 21:31:58.149799
1234,2019102401003224,NLIC,19,56,29,803,23287.00,2019-10-24 21:31:58.149799
1235,2019102401003225,NLIC,16,56,17,802,13634.00,2019-10-24 21:31:58.149799
1236,2019102401003226,NLIC,26,56,300,802,240600.00,2019-10-24 21:31:58.149799
1237,2019102401003227,SMATA,52,5,50,515,25750.00,2019-10-24 21:31:58.149799
1238,2019102401003228,FMDBL,19,53,50,314,15700.00,2019-10-24 21:31:58.149799
1239,2019102401003165,SLBSL,7,11,10,690,6900.00,2019-10-24 21:31:58.149799
1240,2019102401003166,SJCL,5,58,10,177,1770.00,2019-10-24 21:31:58.149799
1241,2019102401003167,MEGA,4,39,126,199,25074.00,2019-10-24 21:31:58.149799
1242,2019102401003168,DBBL,32,58,227,126,28602.00,2019-10-24 21:31:58.149799
1243,2019102401003169,DBBL,32,48,1000,126,126000.00,2019-10-24 21:31:58.149799
1244,2019102401003170,DBBL,32,39,593,126,74718.00,2019-10-24 21:31:58.149799
1245,2019102401003171,GBLBS,52,19,20,316,6320.00,2019-10-24 21:31:58.149799
1246,2019102401003172,GBLBS,47,19,30,315,9450.00,2019-10-24 21:31:58.149799
1247,2019102401003173,MEGA,14,51,42,200,8400.00,2019-10-24 21:31:58.149799
1248,2019102401003174,MEGA,14,49,100,200,20000.00,2019-10-24 21:31:58.149799
1249,2019102401003175,MEGA,14,34,300,200,60000.00,2019-10-24 21:31:58.149799
1250,2019102401003176,MEGA,14,34,500,200,100000.00,2019-10-24 21:31:58.149799
1251,2019102401003177,MEGA,14,34,300,200,60000.00,2019-10-24 21:31:58.149799
1252,2019102401003178,MEGA,14,57,500,200,100000.00,2019-10-24 21:31:58.149799
1253,2019102401003179,MEGA,14,58,77,200,15400.00,2019-10-24 21:31:58.149799
1254,2019102401003180,MEGA,14,58,1000,200,200000.00,2019-10-24 21:31:58.149799
1255,2019102401003181,MEGA,14,56,100,200,20000.00,2019-10-24 21:31:58.149799
1256,2019102401003182,MEGA,14,57,400,200,80000.00,2019-10-24 21:31:58.149799
1257,2019102401003183,MEGA,14,22,100,200,20000.00,2019-10-24 21:31:58.149799
1258,2019102401003184,MEGA,14,10,500,200,100000.00,2019-10-24 21:31:58.149799
1259,2019102401003185,MEGA,14,19,70,200,14000.00,2019-10-24 21:31:58.149799
1260,2019102401003186,MEGA,14,51,292,200,58400.00,2019-10-24 21:31:58.149799
1261,2019102401003187,MEGA,14,11,500,200,100000.00,2019-10-24 21:31:58.149799
1262,2019102401003188,MEGA,14,45,200,200,40000.00,2019-10-24 21:31:58.149799
1263,2019102401003189,MEGA,14,44,1686,200,337200.00,2019-10-24 21:31:58.149799
1264,2019102401003190,MEGA,14,17,1118,200,223600.00,2019-10-24 21:31:58.149799
1265,2019102401003191,MEGA,14,43,202,200,40400.00,2019-10-24 21:31:58.149799
1266,2019102401003192,MEGA,14,51,10,200,2000.00,2019-10-24 21:31:58.149799
1267,2019102401003193,MEGA,14,42,328,200,65600.00,2019-10-24 21:31:58.149799
1268,2019102401003194,MEGA,14,57,500,200,100000.00,2019-10-24 21:31:58.149799
1269,2019102401003195,MEGA,14,34,203,200,40600.00,2019-10-24 21:31:58.149799
1270,2019102401003196,MEGA,14,52,700,200,140000.00,2019-10-24 21:31:58.149799
1271,2019102401003197,MEGA,14,19,1250,200,250000.00,2019-10-24 21:31:58.149799
1272,2019102401003198,PCBL,36,39,658,265,174370.00,2019-10-24 21:31:58.149799
1273,2019102401003199,PCBL,36,58,103,265,27295.00,2019-10-24 21:31:58.149799
1274,2019102401003200,PCBL,36,41,1239,265,328335.00,2019-10-24 21:31:58.149799
1275,2019102401003201,BOKL,37,4,1000,229,229000.00,2019-10-24 21:31:58.149799
1276,2019102401003202,CBBL,7,45,10,971,9710.00,2019-10-24 21:31:58.149799
1277,2019102401003203,SLICL,45,17,55,266,14630.00,2019-10-24 21:31:58.149799
1278,2019102401003204,AKPL,16,46,150,136,20400.00,2019-10-24 21:31:58.149799
1279,2019102401003160,MNBBL,6,13,500,312,156000.00,2019-10-24 21:31:58.149799
1280,2019102401003161,MNBBL,5,13,35,312,10920.00,2019-10-24 21:31:58.149799
1281,2019102401003162,MNBBL,14,13,300,312,93600.00,2019-10-24 21:31:58.149799
1282,2019102401003163,NLIC,19,26,10,803,8030.00,2019-10-24 21:31:58.149799
1283,2019102401003164,RHPL,58,58,40,179,7160.00,2019-10-24 21:31:58.149799
1284,2019102401003150,SADBL,17,41,156,138,21528.00,2019-10-24 21:31:58.149799
1285,2019102401003151,PFL,22,3,30,134,4020.00,2019-10-24 21:31:58.149799
1286,2019102401003152,NLIC,10,10,1,800,800.00,2019-10-24 21:31:58.149799
1287,2019102401003153,SLICL,45,41,41,266,10906.00,2019-10-24 21:31:58.149799
1288,2019102401003154,MHNL,45,52,50,84,4200.00,2019-10-24 21:31:58.149799
1289,2019102401003155,NLIC,10,10,1,800,800.00,2019-10-24 21:31:58.149799
1290,2019102401003156,CCBL,49,39,200,156,31200.00,2019-10-24 21:31:58.149799
1291,2019102401003157,BPCL,26,38,110,368,40480.00,2019-10-24 21:31:58.149799
1292,2019102401003158,BPCL,26,46,400,368,147200.00,2019-10-24 21:31:58.149799
1293,2019102401003159,EBL,7,21,15,556,8340.00,2019-10-24 21:31:58.149799
1294,2019102401003118,DBBL,44,48,20,125,2500.00,2019-10-24 21:31:58.149799
1295,2019102401003119,JBBL,58,41,249,158,39342.00,2019-10-24 21:31:58.149799
1296,2019102401003120,AKBSL,42,58,10,407,4070.00,2019-10-24 21:31:58.149799
1297,2019102401003121,MEGA,41,19,200,199,39800.00,2019-10-24 21:31:58.149799
1298,2019102401003122,MEGA,35,19,500,199,99500.00,2019-10-24 21:31:58.149799
1299,2019102401003123,LGIL,39,17,100,332,33200.00,2019-10-24 21:31:58.149799
1300,2019102401003124,MEGA,4,19,1300,199,258700.00,2019-10-24 21:31:58.149799
1301,2019102401003125,RHPL,58,39,30,179,5370.00,2019-10-24 21:31:58.149799
1302,2019102401003126,NABIL,33,34,200,765,153000.00,2019-10-24 21:31:58.149799
1303,2019102401003127,NABIL,29,34,100,765,76500.00,2019-10-24 21:31:58.149799
1304,2019102401003128,NICA,28,6,439,412,180868.00,2019-10-24 21:31:58.149799
1305,2019102401003129,SJCL,47,51,10,178,1780.00,2019-10-24 21:31:58.149799
1306,2019102401003130,AKPL,16,49,50,136,6800.00,2019-10-24 21:31:58.149799
1307,2019102401003131,LGIL,39,35,50,334,16700.00,2019-10-24 21:31:58.149799
1308,2019102401003132,LGIL,39,35,100,335,33500.00,2019-10-24 21:31:58.149799
1309,2019102401003133,LGIL,39,35,50,338,16900.00,2019-10-24 21:31:58.149799
1310,2019102401003134,LGIL,39,39,100,338,33800.00,2019-10-24 21:31:58.149799
1311,2019102401003135,MLBL,37,41,250,213,53250.00,2019-10-24 21:31:58.149799
1312,2019102401003136,LGIL,39,47,50,339,16950.00,2019-10-24 21:31:58.149799
1313,2019102401003137,LGIL,39,35,50,340,17000.00,2019-10-24 21:31:58.149799
1314,2019102401003138,LGIL,39,16,34,342,11628.00,2019-10-24 21:31:58.149799
1315,2019102401003139,LGIL,39,34,100,342,34200.00,2019-10-24 21:31:58.149799
1316,2019102401003140,LGIL,39,47,21,342,7182.00,2019-10-24 21:31:58.149799
1317,2019102401003141,LGIL,39,35,10,342,3420.00,2019-10-24 21:31:58.149799
1318,2019102401003142,SJCL,47,39,10,178,1780.00,2019-10-24 21:31:58.149799
1319,2019102401003143,SBL,58,41,330,295,97350.00,2019-10-24 21:31:58.149799
1320,2019102401003144,PRVU,29,52,500,268,134000.00,2019-10-24 21:31:58.149799
1321,2019102401003145,NLIC,10,10,1,800,800.00,2019-10-24 21:31:58.149799
1322,2019102401003146,SJCL,32,39,10,178,1780.00,2019-10-24 21:31:58.149799
1323,2019102401003147,SJCL,32,46,50,178,8900.00,2019-10-24 21:31:58.149799
1324,2019102401003148,SJCL,32,35,40,178,7120.00,2019-10-24 21:31:58.149799
