S.N,Contract_No,Stock_Symbol,Buyer_Broker,Seller_Broker,Quantity,Rate,Amount,Date
1,2019112501005089,PMHPL,42,38,10,77,770.00,2019-11-25 16:17:11.765165
2,2019112501005090,PPCL,36,51,10,102,1020.00,2019-11-25 16:17:11.765165
3,2019112501005091,PPCL,36,35,10,102,1020.00,2019-11-25 16:17:11.765165
4,2019112501005092,NMFBS,10,4,19,1755,33345.00,2019-11-25 16:17:11.765165
5,2019112501005093,CBBL,45,7,20,973,19460.00,2019-11-25 16:17:11.765165
6,2019112501005094,MBL,14,6,378,215,81270.00,2019-11-25 16:17:11.765165
7,2019112501005095,SJCL,36,38,20,153,3060.00,2019-11-25 16:17:11.765165
8,2019112501005096,RHPL,57,38,40,163,6520.00,2019-11-25 16:17:11.765165
9,2019112501005097,CHCL,6,52,21,352,7392.00,2019-11-25 16:17:11.765165
10,2019112501005098,CHCL,36,52,79,352,27808.00,2019-11-25 16:17:11.765165
11,2019112501005099,NLG,25,43,15,496,7440.00,2019-11-25 16:17:11.765165
12,2019112501005100,NBL,10,17,122,316,38552.00,2019-11-25 16:17:11.765165
13,2019112501005101,NBL,39,17,300,316,94800.00,2019-11-25 16:17:11.765165
14,2019112501005102,NBL,38,17,500,316,158000.00,2019-11-25 16:17:11.765165
15,2019112501005103,NMFBS,33,32,24,1780,42720.00,2019-11-25 16:17:11.765165
16,2019112501005104,GBLBS,8,50,100,291,29100.00,2019-11-25 16:17:11.765165
17,2019112501005105,NMB,59,11,500,379,189500.00,2019-11-25 16:17:11.765165
18,2019112501005106,NMB,21,11,300,379,113700.00,2019-11-25 16:17:11.765165
19,2019112501005107,NMB,6,11,30,379,11370.00,2019-11-25 16:17:11.765165
20,2019112501005108,SJCL,36,38,20,153,3060.00,2019-11-25 16:17:11.765165
21,2019112501005109,PCBL,38,43,100,272,27200.00,2019-11-25 16:17:11.765165
22,2019112501005110,PCBL,16,43,88,271,23848.00,2019-11-25 16:17:11.765165
23,2019112501005111,PCBL,42,43,200,271,54200.00,2019-11-25 16:17:11.765165
24,2019112501005112,PCBL,29,43,600,271,162600.00,2019-11-25 16:17:11.765165
25,2019112501005113,PCBL,51,43,50,271,13550.00,2019-11-25 16:17:11.765165
26,2019112501005114,PCBL,45,43,50,271,13550.00,2019-11-25 16:17:11.765165
27,2019112501005115,PCBL,25,43,200,271,54200.00,2019-11-25 16:17:11.765165
28,2019112501005116,PCBL,25,43,100,271,27100.00,2019-11-25 16:17:11.765165
29,2019112501005117,PCBL,43,43,1000,271,271000.00,2019-11-25 16:17:11.765165
30,2019112501005118,PCBL,56,43,100,271,27100.00,2019-11-25 16:17:11.765165
31,2019112501005119,PCBL,34,43,200,271,54200.00,2019-11-25 16:17:11.765165
32,2019112501005120,PCBL,38,43,82,271,22222.00,2019-11-25 16:17:11.765165
33,2019112501005121,ALBSL,58,17,130,391,50830.00,2019-11-25 16:17:11.765165
34,2019112501005122,ALBSL,55,17,50,386,19300.00,2019-11-25 16:17:11.765165
35,2019112501005123,ALBSL,33,17,80,386,30880.00,2019-11-25 16:17:11.765165
36,2019112501005124,STC,40,59,30,1327,39810.00,2019-11-25 16:17:11.765165
37,2019112501005125,HDL,58,53,170,1740,295800.00,2019-11-25 16:17:11.765165
38,2019112501005126,NABIL,49,8,50,728,36400.00,2019-11-25 16:17:11.765165
39,2019112501005127,NABIL,22,8,50,728,36400.00,2019-11-25 16:17:11.765165
40,2019112501005128,NABIL,44,8,25,728,18200.00,2019-11-25 16:17:11.765165
41,2019112501005129,NABIL,22,8,30,728,21840.00,2019-11-25 16:17:11.765165
42,2019112501005130,SBL,45,1,100,277,27700.00,2019-11-25 16:17:11.765165
43,2019112501005131,SIL,6,59,584,364,212576.00,2019-11-25 16:17:11.765165
44,2019112501005132,SPARS,34,38,10,508,5080.00,2019-11-25 16:17:11.765165
45,2019112501005133,MLBL,32,17,66,170,11220.00,2019-11-25 16:17:11.765165
46,2019112501005134,MLBL,34,17,34,170,5780.00,2019-11-25 16:17:11.765165
47,2019112501005135,SBL,34,17,50,280,14000.00,2019-11-25 16:17:11.765165
48,2019112501005136,GGBSL,58,10,10,630,6300.00,2019-11-25 16:17:11.765165
49,2019112501005137,RBCL,17,28,10,7901,79010.00,2019-11-25 16:17:11.765165
50,2019112501005138,KBL,25,11,25,180,4500.00,2019-11-25 16:17:11.765165
51,2019112501005139,MBL,14,35,500,215,107500.00,2019-11-25 16:17:11.765165
52,2019112501005140,GBLBS,25,28,10,295,2950.00,2019-11-25 16:17:11.765165
53,2019112501005141,NGPL,53,17,289,108,31212.00,2019-11-25 16:17:11.765165
54,2019112501005142,KPCL,56,59,10,83,830.00,2019-11-25 16:17:11.765165
55,2019112501005143,KPCL,39,59,150,81,12150.00,2019-11-25 16:17:11.765165
56,2019112501005144,KPCL,22,59,180,81,14580.00,2019-11-25 16:17:11.765165
57,2019112501005145,PRVU,59,43,360,222,79920.00,2019-11-25 16:17:11.765165
58,2019112501005146,PRVU,59,43,200,222,44400.00,2019-11-25 16:17:11.765165
59,2019112501005147,PRVU,38,43,500,222,111000.00,2019-11-25 16:17:11.765165
60,2019112501005148,PRVU,34,43,500,222,111000.00,2019-11-25 16:17:11.765165
61,2019112501005149,PRVU,43,43,20,222,4440.00,2019-11-25 16:17:11.765165
62,2019112501005150,STC,19,42,10,1349,13490.00,2019-11-25 16:17:11.765165
63,2019112501005151,UPCL,49,40,200,73,14600.00,2019-11-25 16:17:11.765165
64,2019112501005152,RBCL,19,28,10,7900,79000.00,2019-11-25 16:17:11.765165
65,2019112501005153,RBCL,19,28,10,7900,79000.00,2019-11-25 16:17:11.765165
66,2019112501005154,NABIL,56,8,30,727,21810.00,2019-11-25 16:17:11.765165
67,2019112501005155,UMHL,46,36,519,100,51900.00,2019-11-25 16:17:11.765165
68,2019112501005156,ADBL,42,17,46,409,18814.00,2019-11-25 16:17:11.765165
69,2019112501005157,ADBL,14,17,54,409,22086.00,2019-11-25 16:17:11.765165
70,2019112501005158,SHIVM,5,25,20,401,8020.00,2019-11-25 16:17:11.765165
71,2019112501005159,SHIVM,50,25,50,401,20050.00,2019-11-25 16:17:11.765165
72,2019112501005160,SHIVM,58,25,20,401,8020.00,2019-11-25 16:17:11.765165
73,2019112501005161,SHIVM,26,25,20,400,8000.00,2019-11-25 16:17:11.765165
74,2019112501005162,SHIVM,5,25,20,400,8000.00,2019-11-25 16:17:11.765165
75,2019112501005163,SHIVM,51,25,50,400,20000.00,2019-11-25 16:17:11.765165
76,2019112501005164,SHIVM,21,25,40,400,16000.00,2019-11-25 16:17:11.765165
77,2019112501005165,GGBSL,37,3,10,640,6400.00,2019-11-25 16:17:11.765165
78,2019112501005029,NMFBS,1,32,26,1760,45760.00,2019-11-25 16:17:11.765165
79,2019112501005030,NLG,13,43,30,490,14700.00,2019-11-25 16:17:11.765165
80,2019112501005031,NLG,13,43,100,489,48900.00,2019-11-25 16:17:11.765165
81,2019112501005032,NLG,26,43,200,488,97600.00,2019-11-25 16:17:11.765165
82,2019112501005033,NLG,16,43,595,487,289765.00,2019-11-25 16:17:11.765165
83,2019112501005034,NMB,59,11,715,380,271700.00,2019-11-25 16:17:11.765165
84,2019112501005035,NMB,17,11,285,380,108300.00,2019-11-25 16:17:11.765165
85,2019112501005036,SLICL,57,25,42,245,10290.00,2019-11-25 16:17:11.765165
86,2019112501005037,RBCL,11,28,10,7999,79990.00,2019-11-25 16:17:11.765165
87,2019112501005038,MEGA,43,51,10,181,1810.00,2019-11-25 16:17:11.765165
88,2019112501005039,NICA,45,33,799,406,324394.00,2019-11-25 16:17:11.765165
89,2019112501005040,NICA,45,33,300,406,121800.00,2019-11-25 16:17:11.765165
90,2019112501005041,NICA,6,33,30,406,12180.00,2019-11-25 16:17:11.765165
91,2019112501005042,NICA,45,33,1000,406,406000.00,2019-11-25 16:17:11.765165
92,2019112501005043,NICA,50,33,1000,405,405000.00,2019-11-25 16:17:11.765165
93,2019112501005044,NICA,39,33,200,405,81000.00,2019-11-25 16:17:11.765165
94,2019112501005045,PRVU,59,17,40,222,8880.00,2019-11-25 16:17:11.765165
95,2019112501005046,RHPC,32,48,1915,69,132135.00,2019-11-25 16:17:11.765165
96,2019112501005047,RHPC,17,48,500,69,34500.00,2019-11-25 16:17:11.765165
97,2019112501005048,RHPC,58,48,50,69,3450.00,2019-11-25 16:17:11.765165
98,2019112501005049,RHPC,19,48,2000,69,138000.00,2019-11-25 16:17:11.765165
99,2019112501005050,AKJCL,22,38,20,56,1120.00,2019-11-25 16:17:11.765165
100,2019112501005051,SMFDB,58,58,40,504,20160.00,2019-11-25 16:17:11.765165
101,2019112501005052,AKPL,53,25,10,113,1130.00,2019-11-25 16:17:11.765165
102,2019112501005053,JBBL,17,13,37,158,5846.00,2019-11-25 16:17:11.765165
103,2019112501005054,NLG,16,43,405,487,197235.00,2019-11-25 16:17:11.765165
104,2019112501005055,NLG,33,43,200,487,97400.00,2019-11-25 16:17:11.765165
105,2019112501005056,SBL,18,18,10,278,2780.00,2019-11-25 16:17:11.765165
106,2019112501005057,NBL,10,17,100,317,31700.00,2019-11-25 16:17:11.765165
107,2019112501005058,NBL,10,17,1500,317,475500.00,2019-11-25 16:17:11.765165
108,2019112501005059,NBL,10,34,200,317,63400.00,2019-11-25 16:17:11.765165
109,2019112501005060,ALBSL,58,38,10,391,3910.00,2019-11-25 16:17:11.765165
110,2019112501005061,CIT,29,13,20,1705,34100.00,2019-11-25 16:17:11.765165
111,2019112501005062,CIT,34,13,10,1704,17040.00,2019-11-25 16:17:11.765165
112,2019112501005063,CIT,34,13,10,1703,17030.00,2019-11-25 16:17:11.765165
113,2019112501005064,CIT,50,13,30,1702,51060.00,2019-11-25 16:17:11.765165
114,2019112501005065,CIT,41,13,30,1702,51060.00,2019-11-25 16:17:11.765165
115,2019112501005066,CIT,54,13,100,1701,170100.00,2019-11-25 16:17:11.765165
116,2019112501005067,NMB,17,39,715,380,271700.00,2019-11-25 16:17:11.765165
117,2019112501005068,NMB,25,39,52,380,19760.00,2019-11-25 16:17:11.765165
118,2019112501005069,HDL,45,53,50,1750,87500.00,2019-11-25 16:17:11.765165
119,2019112501005070,RHPL,57,38,40,163,6520.00,2019-11-25 16:17:11.765165
120,2019112501005071,SBL,45,18,83,277,22991.00,2019-11-25 16:17:11.765165
121,2019112501005072,CHCL,6,16,200,352,70400.00,2019-11-25 16:17:11.765165
122,2019112501005073,NLG,25,43,395,487,192365.00,2019-11-25 16:17:11.765165
123,2019112501005074,UMHL,46,36,519,99,51381.00,2019-11-25 16:17:11.765165
124,2019112501005075,GBLBS,20,22,10,292,2920.00,2019-11-25 16:17:11.765165
125,2019112501005076,GBLBS,25,22,300,292,87600.00,2019-11-25 16:17:11.765165
126,2019112501005077,ILBS,32,17,160,465,74400.00,2019-11-25 16:17:11.765165
127,2019112501005078,ILBS,57,17,50,463,23150.00,2019-11-25 16:17:11.765165
128,2019112501005079,PIC,8,56,70,342,23940.00,2019-11-25 16:17:11.765165
129,2019112501005080,ILBS,58,38,10,460,4600.00,2019-11-25 16:17:11.765165
130,2019112501005081,PCBL,49,55,50,273,13650.00,2019-11-25 16:17:11.765165
131,2019112501005082,NICA,39,33,250,405,101250.00,2019-11-25 16:17:11.765165
132,2019112501005083,NCCB,58,49,10,199,1990.00,2019-11-25 16:17:11.765165
133,2019112501005084,DBBL,14,17,80,122,9760.00,2019-11-25 16:17:11.765165
134,2019112501005085,ILBS,58,17,185,460,85100.00,2019-11-25 16:17:11.765165
135,2019112501005086,NMB,54,39,233,380,88540.00,2019-11-25 16:17:11.765165
136,2019112501005087,NMB,54,44,267,380,101460.00,2019-11-25 16:17:11.765165
137,2019112501005088,PRVU,28,43,15,224,3360.00,2019-11-25 16:17:11.765165
138,2019112501004968,NTC,43,25,435,619,269265.00,2019-11-25 16:17:11.765165
139,2019112501004969,GGBSL,33,28,20,637,12740.00,2019-11-25 16:17:11.765165
140,2019112501004970,GGBSL,49,28,50,634,31700.00,2019-11-25 16:17:11.765165
141,2019112501004971,SHIVM,58,28,50,401,20050.00,2019-11-25 16:17:11.765165
142,2019112501004972,SHIVM,34,28,100,401,40100.00,2019-11-25 16:17:11.765165
143,2019112501004973,SJCL,57,38,20,154,3080.00,2019-11-25 16:17:11.765165
144,2019112501004974,SJCL,57,38,20,154,3080.00,2019-11-25 16:17:11.765165
145,2019112501004975,SJCL,57,38,20,154,3080.00,2019-11-25 16:17:11.765165
146,2019112501004976,SJCL,57,38,10,154,1540.00,2019-11-25 16:17:11.765165
147,2019112501004977,SJCL,57,38,20,154,3080.00,2019-11-25 16:17:11.765165
148,2019112501004978,SJCL,57,38,20,154,3080.00,2019-11-25 16:17:11.765165
149,2019112501004979,SHIVM,45,39,90,403,36270.00,2019-11-25 16:17:11.765165
150,2019112501004980,SHIVM,45,26,110,403,44330.00,2019-11-25 16:17:11.765165
151,2019112501004981,SJCL,57,38,20,154,3080.00,2019-11-25 16:17:11.765165
152,2019112501004982,NMB,58,47,215,380,81700.00,2019-11-25 16:17:11.765165
153,2019112501004983,NMB,58,47,85,380,32300.00,2019-11-25 16:17:11.765165
154,2019112501004984,SMFBS,34,38,10,800,8000.00,2019-11-25 16:17:11.765165
155,2019112501004985,SABSL,7,38,10,466,4660.00,2019-11-25 16:17:11.765165
156,2019112501004986,NMB,58,11,1000,380,380000.00,2019-11-25 16:17:11.765165
157,2019112501004987,SBL,43,22,470,277,130190.00,2019-11-25 16:17:11.765165
158,2019112501004988,NCCB,38,39,25,198,4950.00,2019-11-25 16:17:11.765165
159,2019112501004989,NICA,45,34,100,406,40600.00,2019-11-25 16:17:11.765165
160,2019112501004990,SJCL,57,38,20,154,3080.00,2019-11-25 16:17:11.765165
161,2019112501004991,GGBSL,58,10,10,630,6300.00,2019-11-25 16:17:11.765165
162,2019112501004992,SJCL,57,38,20,154,3080.00,2019-11-25 16:17:11.765165
163,2019112501004993,RHPL,57,38,40,163,6520.00,2019-11-25 16:17:11.765165
164,2019112501004994,PIC,8,56,100,342,34200.00,2019-11-25 16:17:11.765165
165,2019112501004995,NMB,58,36,15,380,5700.00,2019-11-25 16:17:11.765165
166,2019112501004996,NMB,36,36,500,380,190000.00,2019-11-25 16:17:11.765165
167,2019112501004997,NMB,51,36,400,380,152000.00,2019-11-25 16:17:11.765165
168,2019112501004998,NMB,59,36,85,380,32300.00,2019-11-25 16:17:11.765165
169,2019112501004999,NMFBS,1,4,29,1760,51040.00,2019-11-25 16:17:11.765165
170,2019112501005000,PMHPL,58,38,10,77,770.00,2019-11-25 16:17:11.765165
171,2019112501005001,NABIL,56,8,200,730,146000.00,2019-11-25 16:17:11.765165
172,2019112501005002,NTC,59,19,10,628,6280.00,2019-11-25 16:17:11.765165
173,2019112501005003,SBL,43,18,130,277,36010.00,2019-11-25 16:17:11.765165
174,2019112501005004,SBL,45,18,46,277,12742.00,2019-11-25 16:17:11.765165
175,2019112501005005,UPPER,41,22,970,226,219220.00,2019-11-25 16:17:11.765165
176,2019112501005006,NUBL,16,39,20,876,17520.00,2019-11-25 16:17:11.765165
177,2019112501005007,NUBL,38,39,20,876,17520.00,2019-11-25 16:17:11.765165
178,2019112501005008,NUBL,48,39,40,875,35000.00,2019-11-25 16:17:11.765165
179,2019112501005009,NABIL,16,8,50,730,36500.00,2019-11-25 16:17:11.765165
180,2019112501005010,SBL,45,18,53,277,14681.00,2019-11-25 16:17:11.765165
181,2019112501005011,NBL,43,17,200,317,63400.00,2019-11-25 16:17:11.765165
182,2019112501005012,PMHPL,58,38,10,77,770.00,2019-11-25 16:17:11.765165
183,2019112501005013,SANIMA,53,7,50,303,15150.00,2019-11-25 16:17:11.765165
184,2019112501005014,MEGA,28,8,637,180,114660.00,2019-11-25 16:17:11.765165
185,2019112501005015,MEGA,32,8,363,180,65340.00,2019-11-25 16:17:11.765165
186,2019112501005016,RHPL,57,38,40,163,6520.00,2019-11-25 16:17:11.765165
187,2019112501005017,NMFBS,1,4,15,1760,26400.00,2019-11-25 16:17:11.765165
188,2019112501005018,NLICL,43,14,10,418,4180.00,2019-11-25 16:17:11.765165
189,2019112501005019,GGBSL,52,3,10,640,6400.00,2019-11-25 16:17:11.765165
190,2019112501005020,SBI,57,22,50,378,18900.00,2019-11-25 16:17:11.765165
191,2019112501005021,SBI,36,22,10,377,3770.00,2019-11-25 16:17:11.765165
192,2019112501005022,SBI,20,22,45,375,16875.00,2019-11-25 16:17:11.765165
193,2019112501005023,SBI,56,22,135,374,50490.00,2019-11-25 16:17:11.765165
194,2019112501005024,SIC,47,40,30,435,13050.00,2019-11-25 16:17:11.765165
195,2019112501005025,SIC,45,40,500,433,216500.00,2019-11-25 16:17:11.765165
196,2019112501005026,SIC,37,40,100,432,43200.00,2019-11-25 16:17:11.765165
197,2019112501005027,SIC,40,40,125,432,54000.00,2019-11-25 16:17:11.765165
198,2019112501005028,SJCL,57,38,10,154,1540.00,2019-11-25 16:17:11.765165
199,2019112501004921,ALBSL,16,17,50,398,19900.00,2019-11-25 16:17:11.765165
200,2019112501004922,NMFBS,1,4,15,1760,26400.00,2019-11-25 16:17:11.765165
201,2019112501004923,PCBL,38,43,47,272,12784.00,2019-11-25 16:17:11.765165
202,2019112501004924,SCB,34,32,328,525,172200.00,2019-11-25 16:17:11.765165
203,2019112501004925,PLIC,57,43,300,303,90900.00,2019-11-25 16:17:11.765165
204,2019112501004926,ILBS,39,43,50,471,23550.00,2019-11-25 16:17:11.765165
205,2019112501004927,AKPL,39,25,10,111,1110.00,2019-11-25 16:17:11.765165
206,2019112501004928,NLICL,38,33,75,415,31125.00,2019-11-25 16:17:11.765165
207,2019112501004929,NLICL,35,33,18,413,7434.00,2019-11-25 16:17:11.765165
208,2019112501004930,NLICL,16,33,907,413,374591.00,2019-11-25 16:17:11.765165
209,2019112501004931,NLG,5,43,75,493,36975.00,2019-11-25 16:17:11.765165
210,2019112501004932,CZBIL,59,39,259,182,47138.00,2019-11-25 16:17:11.765165
211,2019112501004933,KPCL,56,4,10,82,820.00,2019-11-25 16:17:11.765165
212,2019112501004934,KPCL,56,59,10,82,820.00,2019-11-25 16:17:11.765165
213,2019112501004935,SJCL,26,38,20,153,3060.00,2019-11-25 16:17:11.765165
214,2019112501004936,DBBL,22,22,432,121,52272.00,2019-11-25 16:17:11.765165
215,2019112501004937,DBBL,41,22,1000,121,121000.00,2019-11-25 16:17:11.765165
216,2019112501004938,DBBL,25,22,218,121,26378.00,2019-11-25 16:17:11.765165
217,2019112501004939,SJCL,36,38,20,153,3060.00,2019-11-25 16:17:11.765165
218,2019112501004940,STC,19,59,10,1327,13270.00,2019-11-25 16:17:11.765165
219,2019112501004941,GILB,7,46,10,723,7230.00,2019-11-25 16:17:11.765165
220,2019112501004942,NMFBS,1,4,15,1760,26400.00,2019-11-25 16:17:11.765165
221,2019112501004943,MBL,14,6,500,216,108000.00,2019-11-25 16:17:11.765165
222,2019112501004944,RSDC,37,41,130,278,36140.00,2019-11-25 16:17:11.765165
223,2019112501004945,RSDC,37,16,100,278,27800.00,2019-11-25 16:17:11.765165
224,2019112501004946,STC,47,22,50,1345,67250.00,2019-11-25 16:17:11.765165
225,2019112501004947,NGPL,53,25,200,108,21600.00,2019-11-25 16:17:11.765165
226,2019112501004948,NABIL,14,41,10,729,7290.00,2019-11-25 16:17:11.765165
227,2019112501004949,NABIL,45,41,50,729,36450.00,2019-11-25 16:17:11.765165
228,2019112501004950,ADBL,57,22,50,412,20600.00,2019-11-25 16:17:11.765165
229,2019112501004951,ADBL,52,22,16,410,6560.00,2019-11-25 16:17:11.765165
230,2019112501004952,ADBL,42,22,204,409,83436.00,2019-11-25 16:17:11.765165
231,2019112501004953,PMHPL,58,38,10,77,770.00,2019-11-25 16:17:11.765165
232,2019112501004954,PMHPL,58,38,10,77,770.00,2019-11-25 16:17:11.765165
233,2019112501004955,UPPER,25,22,11,226,2486.00,2019-11-25 16:17:11.765165
234,2019112501004956,SHL,34,29,100,209,20900.00,2019-11-25 16:17:11.765165
235,2019112501004957,MNBBL,39,17,500,309,154500.00,2019-11-25 16:17:11.765165
236,2019112501004958,HDL,52,35,80,1749,139920.00,2019-11-25 16:17:11.765165
237,2019112501004959,HDL,52,35,50,1749,87450.00,2019-11-25 16:17:11.765165
238,2019112501004960,HDL,52,7,100,1750,175000.00,2019-11-25 16:17:11.765165
239,2019112501004961,HDL,52,53,120,1750,210000.00,2019-11-25 16:17:11.765165
240,2019112501004962,RHPL,57,38,40,163,6520.00,2019-11-25 16:17:11.765165
241,2019112501004963,RHPL,57,38,40,163,6520.00,2019-11-25 16:17:11.765165
242,2019112501004964,SJCL,26,47,20,154,3080.00,2019-11-25 16:17:11.765165
243,2019112501004965,SJCL,26,38,10,154,1540.00,2019-11-25 16:17:11.765165
244,2019112501004966,SJCL,26,38,10,154,1540.00,2019-11-25 16:17:11.765165
245,2019112501004967,SJCL,26,38,10,154,1540.00,2019-11-25 16:17:11.765165
246,2019112501004875,PRVU,28,14,15,225,3375.00,2019-11-25 16:17:11.765165
247,2019112501004876,PCBL,43,43,450,272,122400.00,2019-11-25 16:17:11.765165
248,2019112501004877,MEGA,58,8,79,180,14220.00,2019-11-25 16:17:11.765165
249,2019112501004878,MEGA,33,8,100,180,18000.00,2019-11-25 16:17:11.765165
250,2019112501004879,MEGA,32,8,466,180,83880.00,2019-11-25 16:17:11.765165
251,2019112501004880,MEGA,49,8,200,180,36000.00,2019-11-25 16:17:11.765165
252,2019112501004881,MEGA,38,8,100,180,18000.00,2019-11-25 16:17:11.765165
253,2019112501004882,MEGA,21,8,336,180,60480.00,2019-11-25 16:17:11.765165
254,2019112501004883,MEGA,28,8,363,180,65340.00,2019-11-25 16:17:11.765165
255,2019112501004884,VLBS,42,22,100,580,58000.00,2019-11-25 16:17:11.765165
256,2019112501004885,UPPER,42,38,32,224,7168.00,2019-11-25 16:17:11.765165
257,2019112501004886,UPPER,6,38,18,224,4032.00,2019-11-25 16:17:11.765165
258,2019112501004887,JBBL,17,39,13,157,2041.00,2019-11-25 16:17:11.765165
259,2019112501004888,SMFBS,34,38,10,790,7900.00,2019-11-25 16:17:11.765165
260,2019112501004889,SHIVM,38,39,100,403,40300.00,2019-11-25 16:17:11.765165
261,2019112501004890,KBL,33,1,184,178,32752.00,2019-11-25 16:17:11.765165
262,2019112501004891,KBL,58,1,106,178,18868.00,2019-11-25 16:17:11.765165
263,2019112501004892,SLICL,29,25,400,245,98000.00,2019-11-25 16:17:11.765165
264,2019112501004893,PIC,8,20,100,342,34200.00,2019-11-25 16:17:11.765165
265,2019112501004894,NBB,55,22,300,199,59700.00,2019-11-25 16:17:11.765165
266,2019112501004895,NBB,46,22,200,199,39800.00,2019-11-25 16:17:11.765165
267,2019112501004896,NABIL,25,8,100,730,73000.00,2019-11-25 16:17:11.765165
268,2019112501004897,PICL,3,38,10,367,3670.00,2019-11-25 16:17:11.765165
269,2019112501004898,NLG,14,39,30,490,14700.00,2019-11-25 16:17:11.765165
270,2019112501004899,EIC,17,6,90,211,18990.00,2019-11-25 16:17:11.765165
271,2019112501004900,EIC,17,38,110,212,23320.00,2019-11-25 16:17:11.765165
272,2019112501004901,NTC,28,14,10,629,6290.00,2019-11-25 16:17:11.765165
273,2019112501004902,SABSL,7,38,10,466,4660.00,2019-11-25 16:17:11.765165
274,2019112501004903,NMB,58,48,12,380,4560.00,2019-11-25 16:17:11.765165
275,2019112501004904,PLIC,7,43,31,304,9424.00,2019-11-25 16:17:11.765165
276,2019112501004905,NBB,1,22,420,198,83160.00,2019-11-25 16:17:11.765165
277,2019112501004906,IGI,49,29,380,278,105640.00,2019-11-25 16:17:11.765165
278,2019112501004907,PMHPL,58,38,10,77,770.00,2019-11-25 16:17:11.765165
279,2019112501004908,NLG,13,39,590,490,289100.00,2019-11-25 16:17:11.765165
280,2019112501004909,RRHP,6,38,10,98,980.00,2019-11-25 16:17:11.765165
281,2019112501004910,CBBL,34,45,50,976,48800.00,2019-11-25 16:17:11.765165
282,2019112501004911,RHPC,6,48,50,70,3500.00,2019-11-25 16:17:11.765165
283,2019112501004912,RHPC,55,48,200,70,14000.00,2019-11-25 16:17:11.765165
284,2019112501004913,RHPC,57,48,2000,70,140000.00,2019-11-25 16:17:11.765165
285,2019112501004914,RHPC,57,48,1000,70,70000.00,2019-11-25 16:17:11.765165
286,2019112501004915,RHPL,57,38,40,163,6520.00,2019-11-25 16:17:11.765165
287,2019112501004916,RHPL,57,38,40,163,6520.00,2019-11-25 16:17:11.765165
288,2019112501004917,PIC,8,56,100,342,34200.00,2019-11-25 16:17:11.765165
289,2019112501004918,KPCL,22,38,10,81,810.00,2019-11-25 16:17:11.765165
290,2019112501004919,TRH,44,13,40,266,10640.00,2019-11-25 16:17:11.765165
291,2019112501004920,TRH,57,13,410,265,108650.00,2019-11-25 16:17:11.765165
292,2019112501004815,MLBL,36,34,36,171,6156.00,2019-11-25 16:17:11.765165
293,2019112501004816,MLBL,43,34,100,171,17100.00,2019-11-25 16:17:11.765165
294,2019112501004817,MLBL,37,34,500,170,85000.00,2019-11-25 16:17:11.765165
295,2019112501004818,MLBL,47,34,200,170,34000.00,2019-11-25 16:17:11.765165
296,2019112501004819,MLBL,34,34,200,170,34000.00,2019-11-25 16:17:11.765165
297,2019112501004820,MLBL,57,34,530,170,90100.00,2019-11-25 16:17:11.765165
298,2019112501004821,MLBL,32,34,434,170,73780.00,2019-11-25 16:17:11.765165
299,2019112501004822,RHPL,40,47,20,162,3240.00,2019-11-25 16:17:11.765165
300,2019112501004823,AKBSL,43,50,10,424,4240.00,2019-11-25 16:17:11.765165
301,2019112501004824,NLG,10,39,50,490,24500.00,2019-11-25 16:17:11.765165
302,2019112501004825,NICA,45,38,101,406,41006.00,2019-11-25 16:17:11.765165
303,2019112501004826,SRBL,32,32,156,209,32604.00,2019-11-25 16:17:11.765165
304,2019112501004827,PRVU,25,43,410,223,91430.00,2019-11-25 16:17:11.765165
305,2019112501004828,UPPER,42,38,50,224,11200.00,2019-11-25 16:17:11.765165
306,2019112501004829,RHPL,57,47,50,163,8150.00,2019-11-25 16:17:11.765165
307,2019112501004830,CHCL,6,38,200,352,70400.00,2019-11-25 16:17:11.765165
308,2019112501004831,SJCL,26,47,20,153,3060.00,2019-11-25 16:17:11.765165
309,2019112501004832,STC,54,54,500,1301,650500.00,2019-11-25 16:17:11.765165
310,2019112501004833,SIC,47,13,20,435,8700.00,2019-11-25 16:17:11.765165
311,2019112501004834,GBLBS,20,38,15,292,4380.00,2019-11-25 16:17:11.765165
312,2019112501004835,SCB,22,32,200,525,105000.00,2019-11-25 16:17:11.765165
313,2019112501004836,PRVU,22,43,72,222,15984.00,2019-11-25 16:17:11.765165
314,2019112501004837,PRVU,22,43,100,222,22200.00,2019-11-25 16:17:11.765165
315,2019112501004838,PRVU,22,43,250,222,55500.00,2019-11-25 16:17:11.765165
316,2019112501004839,PRVU,25,43,100,222,22200.00,2019-11-25 16:17:11.765165
317,2019112501004840,PRVU,36,43,500,222,111000.00,2019-11-25 16:17:11.765165
318,2019112501004841,PRVU,46,43,500,222,111000.00,2019-11-25 16:17:11.765165
319,2019112501004842,PRVU,25,43,1000,222,222000.00,2019-11-25 16:17:11.765165
320,2019112501004843,PRVU,25,43,50,222,11100.00,2019-11-25 16:17:11.765165
321,2019112501004844,PRVU,57,43,100,222,22200.00,2019-11-25 16:17:11.765165
322,2019112501004845,EBL,44,37,1000,538,538000.00,2019-11-25 16:17:11.765165
323,2019112501004846,MNBBL,39,17,500,309,154500.00,2019-11-25 16:17:11.765165
324,2019112501004847,CCBL,17,33,120,159,19080.00,2019-11-25 16:17:11.765165
325,2019112501004848,CCBL,34,33,50,159,7950.00,2019-11-25 16:17:11.765165
326,2019112501004849,CCBL,25,33,200,159,31800.00,2019-11-25 16:17:11.765165
327,2019112501004850,CCBL,22,33,30,159,4770.00,2019-11-25 16:17:11.765165
328,2019112501004851,LICN,25,59,10,915,9150.00,2019-11-25 16:17:11.765165
329,2019112501004852,JSLBB,37,38,10,1133,11330.00,2019-11-25 16:17:11.765165
330,2019112501004853,NTC,22,14,200,621,124200.00,2019-11-25 16:17:11.765165
331,2019112501004854,NTC,59,14,100,620,62000.00,2019-11-25 16:17:11.765165
332,2019112501004855,BPCL,16,22,53,345,18285.00,2019-11-25 16:17:11.765165
333,2019112501004856,SJCL,26,47,20,153,3060.00,2019-11-25 16:17:11.765165
334,2019112501004857,NLG,58,39,100,490,49000.00,2019-11-25 16:17:11.765165
335,2019112501004858,MEGA,58,38,65,180,11700.00,2019-11-25 16:17:11.765165
336,2019112501004859,RLFL,44,46,500,107,53500.00,2019-11-25 16:17:11.765165
337,2019112501004860,SCB,32,32,40,525,21000.00,2019-11-25 16:17:11.765165
338,2019112501004861,SHL,51,38,115,208,23920.00,2019-11-25 16:17:11.765165
339,2019112501004862,SHL,28,38,200,208,41600.00,2019-11-25 16:17:11.765165
340,2019112501004863,SHL,26,38,485,208,100880.00,2019-11-25 16:17:11.765165
341,2019112501004864,RHPL,57,47,40,163,6520.00,2019-11-25 16:17:11.765165
342,2019112501004865,PRIN,22,45,200,302,60400.00,2019-11-25 16:17:11.765165
343,2019112501004866,PRIN,14,45,100,302,30200.00,2019-11-25 16:17:11.765165
344,2019112501004867,PRIN,35,45,500,301,150500.00,2019-11-25 16:17:11.765165
345,2019112501004868,PRIN,25,45,50,301,15050.00,2019-11-25 16:17:11.765165
346,2019112501004869,PRIN,57,45,50,300,15000.00,2019-11-25 16:17:11.765165
347,2019112501004870,PRIN,49,45,2000,300,600000.00,2019-11-25 16:17:11.765165
348,2019112501004871,PRIN,50,45,400,300,120000.00,2019-11-25 16:17:11.765165
349,2019112501004872,PRIN,45,45,500,300,150000.00,2019-11-25 16:17:11.765165
350,2019112501004873,PLIC,16,35,25,302,7550.00,2019-11-25 16:17:11.765165
351,2019112501004874,UIC,14,22,64,229,14656.00,2019-11-25 16:17:11.765165
352,2019112501004769,API,25,6,50,103,5150.00,2019-11-25 16:17:11.765165
353,2019112501004770,RHPL,40,47,50,162,8100.00,2019-11-25 16:17:11.765165
354,2019112501004771,GMFBS,10,6,10,490,4900.00,2019-11-25 16:17:11.765165
355,2019112501004772,UPPER,52,22,500,225,112500.00,2019-11-25 16:17:11.765165
356,2019112501004773,NBL,7,17,622,316,196552.00,2019-11-25 16:17:11.765165
357,2019112501004774,NBL,43,17,878,316,277448.00,2019-11-25 16:17:11.765165
358,2019112501004775,NBL,43,17,122,316,38552.00,2019-11-25 16:17:11.765165
359,2019112501004776,NBL,36,17,1000,316,316000.00,2019-11-25 16:17:11.765165
360,2019112501004777,NBL,10,17,378,316,119448.00,2019-11-25 16:17:11.765165
361,2019112501004778,UPPER,39,38,17,224,3808.00,2019-11-25 16:17:11.765165
362,2019112501004779,UPPER,42,38,33,224,7392.00,2019-11-25 16:17:11.765165
363,2019112501004780,LBL,32,52,501,216,108216.00,2019-11-25 16:17:11.765165
364,2019112501004781,LBL,32,17,80,216,17280.00,2019-11-25 16:17:11.765165
365,2019112501004782,PRVU,43,17,100,224,22400.00,2019-11-25 16:17:11.765165
366,2019112501004783,CZBIL,37,25,110,182,20020.00,2019-11-25 16:17:11.765165
367,2019112501004784,CZBIL,45,25,20,182,3640.00,2019-11-25 16:17:11.765165
368,2019112501004785,CZBIL,59,25,170,182,30940.00,2019-11-25 16:17:11.765165
369,2019112501004786,PLIC,21,43,50,304,15200.00,2019-11-25 16:17:11.765165
370,2019112501004787,RHPL,40,47,40,162,6480.00,2019-11-25 16:17:11.765165
371,2019112501004788,NBL,10,17,1500,316,474000.00,2019-11-25 16:17:11.765165
372,2019112501004789,HGI,50,52,140,237,33180.00,2019-11-25 16:17:11.765165
373,2019112501004790,SJCL,11,47,20,153,3060.00,2019-11-25 16:17:11.765165
374,2019112501004791,GBBL,46,17,56,222,12432.00,2019-11-25 16:17:11.765165
375,2019112501004792,SFFIL,42,58,20,170,3400.00,2019-11-25 16:17:11.765165
376,2019112501004793,PCBL,43,17,50,272,13600.00,2019-11-25 16:17:11.765165
377,2019112501004794,NBL,10,17,1500,316,474000.00,2019-11-25 16:17:11.765165
378,2019112501004795,NBL,43,17,1500,317,475500.00,2019-11-25 16:17:11.765165
379,2019112501004796,NMB,44,58,35,381,13335.00,2019-11-25 16:17:11.765165
380,2019112501004797,NMB,4,58,142,381,54102.00,2019-11-25 16:17:11.765165
381,2019112501004798,AKJCL,22,38,20,56,1120.00,2019-11-25 16:17:11.765165
382,2019112501004799,NBL,10,17,1500,316,474000.00,2019-11-25 16:17:11.765165
383,2019112501004800,RBCLPO,33,18,10,7100,71000.00,2019-11-25 16:17:11.765165
384,2019112501004801,MNBBL,36,14,250,310,77500.00,2019-11-25 16:17:11.765165
385,2019112501004802,JBBL,17,17,80,157,12560.00,2019-11-25 16:17:11.765165
386,2019112501004803,NBL,43,42,300,317,95100.00,2019-11-25 16:17:11.765165
387,2019112501004804,GMFBS,56,6,20,490,9800.00,2019-11-25 16:17:11.765165
388,2019112501004805,SJCL,26,47,20,153,3060.00,2019-11-25 16:17:11.765165
389,2019112501004806,PRVU,44,14,50,225,11250.00,2019-11-25 16:17:11.765165
390,2019112501004807,SCB,38,43,200,527,105400.00,2019-11-25 16:17:11.765165
391,2019112501004808,SCB,38,41,200,527,105400.00,2019-11-25 16:17:11.765165
392,2019112501004809,SCB,32,32,20,526,10520.00,2019-11-25 16:17:11.765165
393,2019112501004810,NBL,43,17,1200,317,380400.00,2019-11-25 16:17:11.765165
394,2019112501004811,RHPL,40,38,40,162,6480.00,2019-11-25 16:17:11.765165
395,2019112501004812,LICN,6,34,12,905,10860.00,2019-11-25 16:17:11.765165
396,2019112501004813,NLG,34,39,100,490,49000.00,2019-11-25 16:17:11.765165
397,2019112501004814,HDL,49,35,20,1749,34980.00,2019-11-25 16:17:11.765165
398,2019112501004731,GGBSL,35,35,10,638,6380.00,2019-11-25 16:17:11.765165
399,2019112501004732,NLIC,20,13,200,787,157400.00,2019-11-25 16:17:11.765165
400,2019112501004733,NBB,14,14,50,200,10000.00,2019-11-25 16:17:11.765165
401,2019112501004734,SBL,28,43,100,277,27700.00,2019-11-25 16:17:11.765165
402,2019112501004735,SBL,59,43,500,277,138500.00,2019-11-25 16:17:11.765165
403,2019112501004736,EBL,48,37,500,536,268000.00,2019-11-25 16:17:11.765165
404,2019112501004737,SLICL,29,39,50,242,12100.00,2019-11-25 16:17:11.765165
405,2019112501004738,SLICL,4,25,20,245,4900.00,2019-11-25 16:17:11.765165
406,2019112501004739,AKJCL,13,38,10,55,550.00,2019-11-25 16:17:11.765165
407,2019112501004740,SBL,43,43,400,277,110800.00,2019-11-25 16:17:11.765165
408,2019112501004741,RHPL,40,47,40,162,6480.00,2019-11-25 16:17:11.765165
409,2019112501004742,SLBBL,34,22,89,620,55180.00,2019-11-25 16:17:11.765165
410,2019112501004743,SHIVM,58,39,60,403,24180.00,2019-11-25 16:17:11.765165
411,2019112501004744,ALBSL,58,38,10,391,3910.00,2019-11-25 16:17:11.765165
412,2019112501004745,SJCL,11,47,10,153,1530.00,2019-11-25 16:17:11.765165
413,2019112501004746,UPPER,41,16,501,227,113727.00,2019-11-25 16:17:11.765165
414,2019112501004747,UPPER,41,22,499,227,113273.00,2019-11-25 16:17:11.765165
415,2019112501004748,FMDBL,25,57,50,301,15050.00,2019-11-25 16:17:11.765165
416,2019112501004749,RHPL,40,38,40,162,6480.00,2019-11-25 16:17:11.765165
417,2019112501004750,KBL,33,6,76,178,13528.00,2019-11-25 16:17:11.765165
418,2019112501004751,UIC,51,22,20,229,4580.00,2019-11-25 16:17:11.765165
419,2019112501004752,NCCB,32,40,566,198,112068.00,2019-11-25 16:17:11.765165
420,2019112501004753,API,42,6,70,103,7210.00,2019-11-25 16:17:11.765165
421,2019112501004754,PCBL,45,59,300,272,81600.00,2019-11-25 16:17:11.765165
422,2019112501004755,GBBL,35,39,12,222,2664.00,2019-11-25 16:17:11.765165
423,2019112501004756,GBBL,35,39,100,222,22200.00,2019-11-25 16:17:11.765165
424,2019112501004757,GBBL,35,17,188,222,41736.00,2019-11-25 16:17:11.765165
425,2019112501004758,SLBBL,10,22,101,620,62620.00,2019-11-25 16:17:11.765165
426,2019112501004759,SLBBL,10,58,150,622,93300.00,2019-11-25 16:17:11.765165
427,2019112501004760,ILBS,32,38,10,465,4650.00,2019-11-25 16:17:11.765165
428,2019112501004761,NBL,7,42,128,316,40448.00,2019-11-25 16:17:11.765165
429,2019112501004762,NMB,44,16,200,381,76200.00,2019-11-25 16:17:11.765165
430,2019112501004763,NLG,51,39,40,490,19600.00,2019-11-25 16:17:11.765165
431,2019112501004764,HIDCL,14,29,200,131,26200.00,2019-11-25 16:17:11.765165
432,2019112501004765,NABIL,1,8,170,730,124100.00,2019-11-25 16:17:11.765165
433,2019112501004766,NABIL,22,8,100,730,73000.00,2019-11-25 16:17:11.765165
434,2019112501004767,SJCL,11,47,20,153,3060.00,2019-11-25 16:17:11.765165
435,2019112501004768,RHPL,40,38,40,162,6480.00,2019-11-25 16:17:11.765165
436,2019112501004689,SJCL,44,47,20,153,3060.00,2019-11-25 16:17:11.765165
437,2019112501004690,PIC,18,38,11,343,3773.00,2019-11-25 16:17:11.765165
438,2019112501004691,SAPDBL,56,58,10,120,1200.00,2019-11-25 16:17:11.765165
439,2019112501004692,ALBSL,58,38,10,391,3910.00,2019-11-25 16:17:11.765165
440,2019112501004693,RHPL,14,47,40,163,6520.00,2019-11-25 16:17:11.765165
441,2019112501004694,SHIVM,57,39,50,403,20150.00,2019-11-25 16:17:11.765165
442,2019112501004695,RHPL,14,38,50,163,8150.00,2019-11-25 16:17:11.765165
443,2019112501004696,SLICL,6,39,35,243,8505.00,2019-11-25 16:17:11.765165
444,2019112501004697,SLICL,17,39,50,243,12150.00,2019-11-25 16:17:11.765165
445,2019112501004698,GBLBS,42,28,70,295,20650.00,2019-11-25 16:17:11.765165
446,2019112501004699,RHPC,42,48,200,71,14200.00,2019-11-25 16:17:11.765165
447,2019112501004700,RHPC,22,48,1000,71,71000.00,2019-11-25 16:17:11.765165
448,2019112501004701,PRVU,38,17,290,224,64960.00,2019-11-25 16:17:11.765165
449,2019112501004702,CBBL,43,45,14,976,13664.00,2019-11-25 16:17:11.765165
450,2019112501004703,SLBBL,34,7,161,620,99820.00,2019-11-25 16:17:11.765165
451,2019112501004704,JFL,32,6,10,192,1920.00,2019-11-25 16:17:11.765165
452,2019112501004705,RHPL,14,47,30,163,4890.00,2019-11-25 16:17:11.765165
453,2019112501004706,RHPL,40,47,10,162,1620.00,2019-11-25 16:17:11.765165
454,2019112501004707,NCCB,36,38,28,197,5516.00,2019-11-25 16:17:11.765165
455,2019112501004708,SANIMA,43,6,768,303,232704.00,2019-11-25 16:17:11.765165
456,2019112501004709,RHPC,21,59,15,70,1050.00,2019-11-25 16:17:11.765165
457,2019112501004710,MNBBL,51,17,100,312,31200.00,2019-11-25 16:17:11.765165
458,2019112501004711,SLICL,36,39,200,242,48400.00,2019-11-25 16:17:11.765165
459,2019112501004712,SLICL,29,39,115,242,27830.00,2019-11-25 16:17:11.765165
460,2019112501004713,SJCL,44,47,20,153,3060.00,2019-11-25 16:17:11.765165
461,2019112501004714,NABIL,52,16,30,732,21960.00,2019-11-25 16:17:11.765165
462,2019112501004715,RHPL,40,38,40,162,6480.00,2019-11-25 16:17:11.765165
463,2019112501004716,PRVU,35,45,300,223,66900.00,2019-11-25 16:17:11.765165
464,2019112501004717,PRVU,38,45,500,223,111500.00,2019-11-25 16:17:11.765165
465,2019112501004718,PRVU,45,45,300,223,66900.00,2019-11-25 16:17:11.765165
466,2019112501004719,PRVU,54,45,10,223,2230.00,2019-11-25 16:17:11.765165
467,2019112501004720,PRVU,25,45,390,223,86970.00,2019-11-25 16:17:11.765165
468,2019112501004721,SLBBL,34,7,200,620,124000.00,2019-11-25 16:17:11.765165
469,2019112501004722,UPPER,25,22,20,228,4560.00,2019-11-25 16:17:11.765165
470,2019112501004723,SPARS,34,38,10,508,5080.00,2019-11-25 16:17:11.765165
471,2019112501004724,SABSL,7,38,10,466,4660.00,2019-11-25 16:17:11.765165
472,2019112501004725,PCBL,45,34,200,272,54400.00,2019-11-25 16:17:11.765165
473,2019112501004726,SJCL,44,47,20,153,3060.00,2019-11-25 16:17:11.765165
474,2019112501004727,RHPL,40,38,40,162,6480.00,2019-11-25 16:17:11.765165
475,2019112501004728,GLICL,50,50,395,346,136670.00,2019-11-25 16:17:11.765165
476,2019112501004729,RHPL,40,47,40,162,6480.00,2019-11-25 16:17:11.765165
477,2019112501004730,NMB,44,29,1000,381,381000.00,2019-11-25 16:17:11.765165
478,2019112501004651,NLICL,38,19,25,415,10375.00,2019-11-25 16:17:11.765165
479,2019112501004652,SLICL,42,25,30,245,7350.00,2019-11-25 16:17:11.765165
480,2019112501004653,GGBSL,37,28,90,636,57240.00,2019-11-25 16:17:11.765165
481,2019112501004654,SLBBL,17,48,50,618,30900.00,2019-11-25 16:17:11.765165
482,2019112501004655,KPCL,22,38,10,81,810.00,2019-11-25 16:17:11.765165
483,2019112501004656,SCB,42,32,25,525,13125.00,2019-11-25 16:17:11.765165
484,2019112501004657,SCB,1,32,50,525,26250.00,2019-11-25 16:17:11.765165
485,2019112501004658,SCB,19,32,100,525,52500.00,2019-11-25 16:17:11.765165
486,2019112501004659,SCB,49,32,200,525,105000.00,2019-11-25 16:17:11.765165
487,2019112501004660,SJCL,44,47,20,153,3060.00,2019-11-25 16:17:11.765165
488,2019112501004661,NCCB,3,1,185,197,36445.00,2019-11-25 16:17:11.765165
489,2019112501004662,NCCB,51,1,300,197,59100.00,2019-11-25 16:17:11.765165
490,2019112501004663,NCCB,36,1,15,197,2955.00,2019-11-25 16:17:11.765165
491,2019112501004664,NCCB,54,40,200,198,39600.00,2019-11-25 16:17:11.765165
492,2019112501004665,PLIC,25,53,75,302,22650.00,2019-11-25 16:17:11.765165
493,2019112501004666,PLIC,35,53,50,301,15050.00,2019-11-25 16:17:11.765165
494,2019112501004667,PLIC,53,53,487,301,146587.00,2019-11-25 16:17:11.765165
495,2019112501004668,AKBSL,21,38,10,422,4220.00,2019-11-25 16:17:11.765165
496,2019112501004669,RHPL,14,47,40,163,6520.00,2019-11-25 16:17:11.765165
497,2019112501004670,NIB,46,26,24,418,10032.00,2019-11-25 16:17:11.765165
498,2019112501004671,CIT,55,6,10,1705,17050.00,2019-11-25 16:17:11.765165
499,2019112501004672,CIT,58,6,50,1705,85250.00,2019-11-25 16:17:11.765165
500,2019112501004673,SLBBL,34,33,50,620,31000.00,2019-11-25 16:17:11.765165
501,2019112501004674,GMFBS,56,6,20,490,9800.00,2019-11-25 16:17:11.765165
502,2019112501004675,AKJCL,13,38,20,55,1100.00,2019-11-25 16:17:11.765165
503,2019112501004676,SPDL,42,56,440,83,36520.00,2019-11-25 16:17:11.765165
504,2019112501004677,RHPL,14,47,40,163,6520.00,2019-11-25 16:17:11.765165
505,2019112501004678,NMB,44,39,765,381,291465.00,2019-11-25 16:17:11.765165
506,2019112501004679,NMB,44,16,1000,381,381000.00,2019-11-25 16:17:11.765165
507,2019112501004680,PCBL,43,8,104,272,28288.00,2019-11-25 16:17:11.765165
508,2019112501004681,RBCL,48,28,10,8010,80100.00,2019-11-25 16:17:11.765165
509,2019112501004682,SJCL,44,47,20,153,3060.00,2019-11-25 16:17:11.765165
510,2019112501004683,SLBBL,34,57,300,620,186000.00,2019-11-25 16:17:11.765165
511,2019112501004684,SLBBL,34,48,100,620,62000.00,2019-11-25 16:17:11.765165
512,2019112501004685,AKBSL,43,38,10,421,4210.00,2019-11-25 16:17:11.765165
513,2019112501004686,AKPL,1,38,13,110,1430.00,2019-11-25 16:17:11.765165
514,2019112501004687,ILBS,19,38,10,466,4660.00,2019-11-25 16:17:11.765165
515,2019112501004688,SBL,36,18,26,280,7280.00,2019-11-25 16:17:11.765165
516,2019112501004624,GGBSL,35,35,10,637,6370.00,2019-11-25 16:17:11.765165
517,2019112501004625,NIL,57,57,22,375,8250.00,2019-11-25 16:17:11.765165
518,2019112501004626,NBL,45,17,1000,317,317000.00,2019-11-25 16:17:11.765165
519,2019112501004627,PRVU,11,17,700,224,156800.00,2019-11-25 16:17:11.765165
520,2019112501004628,HIDCL,14,29,800,131,104800.00,2019-11-25 16:17:11.765165
521,2019112501004629,SJCL,44,47,20,153,3060.00,2019-11-25 16:17:11.765165
522,2019112501004630,RHPL,37,38,40,163,6520.00,2019-11-25 16:17:11.765165
523,2019112501004631,PCBL,37,57,104,272,28288.00,2019-11-25 16:17:11.765165
524,2019112501004632,PCBL,37,8,96,272,26112.00,2019-11-25 16:17:11.765165
525,2019112501004633,NLIC,56,25,15,786,11790.00,2019-11-25 16:17:11.765165
526,2019112501004634,RHPL,57,47,40,163,6520.00,2019-11-25 16:17:11.765165
527,2019112501004635,KPCL,22,56,10,81,810.00,2019-11-25 16:17:11.765165
528,2019112501004636,LICN,25,59,10,915,9150.00,2019-11-25 16:17:11.765165
529,2019112501004637,ALICL,25,6,250,313,78250.00,2019-11-25 16:17:11.765165
530,2019112501004638,SMATA,5,6,79,500,39500.00,2019-11-25 16:17:11.765165
531,2019112501004639,TRH,57,21,20,265,5300.00,2019-11-25 16:17:11.765165
532,2019112501004640,NABIL,57,6,100,731,73100.00,2019-11-25 16:17:11.765165
533,2019112501004641,NABIL,1,6,50,730,36500.00,2019-11-25 16:17:11.765165
534,2019112501004642,NABIL,57,6,20,730,14600.00,2019-11-25 16:17:11.765165
535,2019112501004643,NABIL,1,6,330,730,240900.00,2019-11-25 16:17:11.765165
536,2019112501004644,RHPL,57,47,50,163,8150.00,2019-11-25 16:17:11.765165
537,2019112501004645,RHPL,57,38,40,163,6520.00,2019-11-25 16:17:11.765165
538,2019112501004646,RBCL,59,28,20,8000,160000.00,2019-11-25 16:17:11.765165
539,2019112501004647,SJCL,44,47,20,153,3060.00,2019-11-25 16:17:11.765165
540,2019112501004648,SLBBL,34,16,25,618,15450.00,2019-11-25 16:17:11.765165
541,2019112501004649,SLBBL,22,16,52,618,32136.00,2019-11-25 16:17:11.765165
542,2019112501004650,SLBBL,17,16,23,618,14214.00,2019-11-25 16:17:11.765165
543,2019112501004586,SJCL,32,38,20,154,3080.00,2019-11-25 16:17:11.765165
544,2019112501004587,FMDBL,25,57,100,301,30100.00,2019-11-25 16:17:11.765165
545,2019112501004588,RHPL,37,38,40,163,6520.00,2019-11-25 16:17:11.765165
546,2019112501004589,SPARS,34,38,10,508,5080.00,2019-11-25 16:17:11.765165
547,2019112501004590,SLBSL,38,25,10,692,6920.00,2019-11-25 16:17:11.765165
548,2019112501004591,EBL,35,37,50,536,26800.00,2019-11-25 16:17:11.765165
549,2019112501004592,EBL,8,37,200,535,107000.00,2019-11-25 16:17:11.765165
550,2019112501004593,EBL,44,37,306,535,163710.00,2019-11-25 16:17:11.765165
551,2019112501004594,NBL,10,17,500,317,158500.00,2019-11-25 16:17:11.765165
552,2019112501004595,NBL,10,17,1500,317,475500.00,2019-11-25 16:17:11.765165
553,2019112501004596,SLBBL,34,47,100,618,61800.00,2019-11-25 16:17:11.765165
554,2019112501004597,SJCL,32,38,20,154,3080.00,2019-11-25 16:17:11.765165
555,2019112501004598,SICL,17,43,59,735,43365.00,2019-11-25 16:17:11.765165
556,2019112501004599,CHCL,7,52,10,355,3550.00,2019-11-25 16:17:11.765165
557,2019112501004600,CBL,14,45,100,136,13600.00,2019-11-25 16:17:11.765165
558,2019112501004601,GBBL,45,39,42,222,9324.00,2019-11-25 16:17:11.765165
559,2019112501004602,GBBL,45,39,158,222,35076.00,2019-11-25 16:17:11.765165
560,2019112501004603,RHPL,37,38,50,163,8150.00,2019-11-25 16:17:11.765165
561,2019112501004604,SKBBL,44,46,20,914,18280.00,2019-11-25 16:17:11.765165
562,2019112501004605,UPPER,13,38,50,225,11250.00,2019-11-25 16:17:11.765165
563,2019112501004606,SABSL,7,38,10,466,4660.00,2019-11-25 16:17:11.765165
564,2019112501004607,NLICL,25,56,10,419,4190.00,2019-11-25 16:17:11.765165
565,2019112501004608,KPCL,19,38,10,80,800.00,2019-11-25 16:17:11.765165
566,2019112501004609,KSBBL,43,46,187,133,24871.00,2019-11-25 16:17:11.765165
567,2019112501004610,KSBBL,36,46,100,133,13300.00,2019-11-25 16:17:11.765165
568,2019112501004611,KSBBL,41,46,13,133,1729.00,2019-11-25 16:17:11.765165
569,2019112501004612,NCCB,3,57,15,197,2955.00,2019-11-25 16:17:11.765165
570,2019112501004613,RSDC,13,17,30,277,8310.00,2019-11-25 16:17:11.765165
571,2019112501004614,SJCL,32,38,20,154,3080.00,2019-11-25 16:17:11.765165
572,2019112501004615,UPPER,13,38,50,225,11250.00,2019-11-25 16:17:11.765165
573,2019112501004616,NBL,10,17,1500,317,475500.00,2019-11-25 16:17:11.765165
574,2019112501004617,LICN,45,45,5,900,4500.00,2019-11-25 16:17:11.765165
575,2019112501004618,NICL,25,4,50,245,12250.00,2019-11-25 16:17:11.765165
576,2019112501004619,RHPL,37,47,40,163,6520.00,2019-11-25 16:17:11.765165
577,2019112501004620,PLIC,42,53,60,304,18240.00,2019-11-25 16:17:11.765165
578,2019112501004621,PLIC,59,53,50,304,15200.00,2019-11-25 16:17:11.765165
579,2019112501004622,NIB,45,21,12,415,4980.00,2019-11-25 16:17:11.765165
580,2019112501004623,RSDC,42,41,30,278,8340.00,2019-11-25 16:17:11.765165
581,2019112501004561,RHPL,37,38,40,163,6520.00,2019-11-25 16:17:11.765165
582,2019112501004562,RHPL,37,38,50,163,8150.00,2019-11-25 16:17:11.765165
583,2019112501004563,NBL,10,43,1000,317,317000.00,2019-11-25 16:17:11.765165
584,2019112501004564,MFIL,38,52,180,125,22500.00,2019-11-25 16:17:11.765165
585,2019112501004565,GMFBS,56,45,20,499,9980.00,2019-11-25 16:17:11.765165
586,2019112501004566,RHPL,37,47,50,163,8150.00,2019-11-25 16:17:11.765165
587,2019112501004567,PMHPL,58,38,10,77,770.00,2019-11-25 16:17:11.765165
588,2019112501004568,SJCL,32,38,10,154,1540.00,2019-11-25 16:17:11.765165
589,2019112501004569,GLBSL,43,38,10,376,3760.00,2019-11-25 16:17:11.765165
590,2019112501004570,RHPL,37,47,40,163,6520.00,2019-11-25 16:17:11.765165
591,2019112501004571,SJCL,32,47,10,154,1540.00,2019-11-25 16:17:11.765165
592,2019112501004572,AKBSL,43,38,10,421,4210.00,2019-11-25 16:17:11.765165
593,2019112501004573,NBL,44,17,1000,317,317000.00,2019-11-25 16:17:11.765165
594,2019112501004574,NTC,28,35,40,624,24960.00,2019-11-25 16:17:11.765165
595,2019112501004575,NTC,28,38,10,630,6300.00,2019-11-25 16:17:11.765165
596,2019112501004576,PMHPL,58,38,10,77,770.00,2019-11-25 16:17:11.765165
597,2019112501004577,PPCL,36,59,10,102,1020.00,2019-11-25 16:17:11.765165
598,2019112501004578,SLICL,29,25,47,245,11515.00,2019-11-25 16:17:11.765165
599,2019112501004579,SLICL,34,25,21,245,5145.00,2019-11-25 16:17:11.765165
600,2019112501004580,SLICL,35,25,20,245,4900.00,2019-11-25 16:17:11.765165
601,2019112501004581,SLICL,19,25,30,245,7350.00,2019-11-25 16:17:11.765165
602,2019112501004582,SLICL,45,25,30,245,7350.00,2019-11-25 16:17:11.765165
603,2019112501004583,SLICL,54,25,40,245,9800.00,2019-11-25 16:17:11.765165
604,2019112501004584,RHPL,37,38,40,163,6520.00,2019-11-25 16:17:11.765165
605,2019112501004585,PMHPL,58,38,10,77,770.00,2019-11-25 16:17:11.765165
606,2019112501004541,SJCL,32,47,20,154,3080.00,2019-11-25 16:17:11.765165
607,2019112501004542,UPPER,13,38,50,225,11250.00,2019-11-25 16:17:11.765165
608,2019112501004543,SPARS,34,38,10,508,5080.00,2019-11-25 16:17:11.765165
609,2019112501004544,MEGA,19,8,500,181,90500.00,2019-11-25 16:17:11.765165
610,2019112501004545,NICA,28,29,10,408,4080.00,2019-11-25 16:17:11.765165
611,2019112501004546,SJCL,32,47,10,154,1540.00,2019-11-25 16:17:11.765165
612,2019112501004547,RHPL,37,47,50,163,8150.00,2019-11-25 16:17:11.765165
613,2019112501004548,AKJCL,13,38,20,55,1100.00,2019-11-25 16:17:11.765165
614,2019112501004549,ALICL,50,57,300,313,93900.00,2019-11-25 16:17:11.765165
615,2019112501004550,RHPL,37,47,40,163,6520.00,2019-11-25 16:17:11.765165
616,2019112501004551,SABSL,7,38,10,465,4650.00,2019-11-25 16:17:11.765165
617,2019112501004552,SABSL,7,32,90,468,42120.00,2019-11-25 16:17:11.765165
618,2019112501004553,SHL,44,38,100,209,20900.00,2019-11-25 16:17:11.765165
619,2019112501004554,SJCL,32,47,20,154,3080.00,2019-11-25 16:17:11.765165
620,2019112501004555,HIDCL,42,29,100,131,13100.00,2019-11-25 16:17:11.765165
621,2019112501004556,NCCB,49,40,40,198,7920.00,2019-11-25 16:17:11.765165
622,2019112501004557,ILBS,19,38,10,466,4660.00,2019-11-25 16:17:11.765165
623,2019112501004558,SJCL,32,38,20,154,3080.00,2019-11-25 16:17:11.765165
624,2019112501004559,SLBBL,10,33,50,620,31000.00,2019-11-25 16:17:11.765165
625,2019112501004560,SJCL,32,47,20,154,3080.00,2019-11-25 16:17:11.765165
626,2019112501004513,CCBL,14,51,250,160,40000.00,2019-11-25 16:17:11.765165
627,2019112501004514,PRVU,28,17,10,224,2240.00,2019-11-25 16:17:11.765165
628,2019112501004515,RHPL,37,38,40,163,6520.00,2019-11-25 16:17:11.765165
629,2019112501004516,IGI,49,40,135,278,37530.00,2019-11-25 16:17:11.765165
630,2019112501004517,NMB,44,14,100,381,38100.00,2019-11-25 16:17:11.765165
631,2019112501004518,NMB,44,39,500,381,190500.00,2019-11-25 16:17:11.765165
632,2019112501004519,NBL,7,37,250,316,79000.00,2019-11-25 16:17:11.765165
633,2019112501004520,AKJCL,13,38,10,55,550.00,2019-11-25 16:17:11.765165
634,2019112501004521,NLIC,33,35,25,786,19650.00,2019-11-25 16:17:11.765165
635,2019112501004522,NLIC,56,35,23,786,18078.00,2019-11-25 16:17:11.765165
636,2019112501004523,AKJCL,13,38,20,55,1100.00,2019-11-25 16:17:11.765165
637,2019112501004524,RSDC,47,28,16,277,4432.00,2019-11-25 16:17:11.765165
638,2019112501004525,RSDC,47,17,34,277,9418.00,2019-11-25 16:17:11.765165
639,2019112501004526,SJCL,32,14,10,154,1540.00,2019-11-25 16:17:11.765165
640,2019112501004527,NBL,10,4,2382,317,755094.00,2019-11-25 16:17:11.765165
641,2019112501004528,SLBSL,38,44,10,692,6920.00,2019-11-25 16:17:11.765165
642,2019112501004529,SLBSL,38,38,10,692,6920.00,2019-11-25 16:17:11.765165
643,2019112501004530,RHPL,37,38,40,163,6520.00,2019-11-25 16:17:11.765165
644,2019112501004531,CBL,55,45,100,136,13600.00,2019-11-25 16:17:11.765165
645,2019112501004532,LICN,25,34,10,910,9100.00,2019-11-25 16:17:11.765165
646,2019112501004533,LICN,25,20,10,915,9150.00,2019-11-25 16:17:11.765165
647,2019112501004534,PRIN,16,35,100,302,30200.00,2019-11-25 16:17:11.765165
648,2019112501004535,JFL,21,58,275,190,52250.00,2019-11-25 16:17:11.765165
649,2019112501004536,JFL,21,39,178,190,33820.00,2019-11-25 16:17:11.765165
650,2019112501004537,RHPL,37,47,40,163,6520.00,2019-11-25 16:17:11.765165
651,2019112501004538,SJCL,32,38,20,154,3080.00,2019-11-25 16:17:11.765165
652,2019112501004539,HIDCL,55,29,100,131,13100.00,2019-11-25 16:17:11.765165
653,2019112501004540,SJCL,32,38,20,154,3080.00,2019-11-25 16:17:11.765165
654,2019112501004493,HDL,51,49,20,1742,34840.00,2019-11-25 16:17:11.765165
655,2019112501004494,RHPL,37,47,50,163,8150.00,2019-11-25 16:17:11.765165
656,2019112501004495,FOWAD,52,17,82,1312,107584.00,2019-11-25 16:17:11.765165
657,2019112501004496,PMHPL,54,38,10,76,760.00,2019-11-25 16:17:11.765165
658,2019112501004497,NBL,10,17,500,316,158000.00,2019-11-25 16:17:11.765165
659,2019112501004498,SJCL,32,47,10,154,1540.00,2019-11-25 16:17:11.765165
660,2019112501004499,HDL,51,48,30,1742,52260.00,2019-11-25 16:17:11.765165
661,2019112501004500,HDL,33,48,50,1740,87000.00,2019-11-25 16:17:11.765165
662,2019112501004501,RHPL,37,38,40,163,6520.00,2019-11-25 16:17:11.765165
663,2019112501004502,SJCL,32,38,10,154,1540.00,2019-11-25 16:17:11.765165
664,2019112501004503,UPPER,13,38,50,225,11250.00,2019-11-25 16:17:11.765165
665,2019112501004504,FOWAD,33,52,50,1310,65500.00,2019-11-25 16:17:11.765165
666,2019112501004505,PCBL,43,44,1000,272,272000.00,2019-11-25 16:17:11.765165
667,2019112501004506,CHCL,6,50,70,352,24640.00,2019-11-25 16:17:11.765165
668,2019112501004507,CHCL,6,17,300,352,105600.00,2019-11-25 16:17:11.765165
669,2019112501004508,RBCL,25,28,20,7999,159980.00,2019-11-25 16:17:11.765165
670,2019112501004509,GBLBS,42,59,15,293,4395.00,2019-11-25 16:17:11.765165
671,2019112501004510,GBLBS,42,25,500,293,146500.00,2019-11-25 16:17:11.765165
672,2019112501004511,NMB,58,57,300,380,114000.00,2019-11-25 16:17:11.765165
673,2019112501004512,AKJCL,49,38,10,56,560.00,2019-11-25 16:17:11.765165
674,2019112501004473,NIB,45,11,20,415,8300.00,2019-11-25 16:17:11.765165
675,2019112501004474,NIB,45,11,17,415,7055.00,2019-11-25 16:17:11.765165
676,2019112501004475,RHPL,37,47,40,163,6520.00,2019-11-25 16:17:11.765165
677,2019112501004476,SJCL,32,35,340,155,52700.00,2019-11-25 16:17:11.765165
678,2019112501004477,SCB,35,51,150,526,78900.00,2019-11-25 16:17:11.765165
679,2019112501004478,MBL,19,28,500,219,109500.00,2019-11-25 16:17:11.765165
680,2019112501004479,SJCL,32,47,20,154,3080.00,2019-11-25 16:17:11.765165
681,2019112501004480,NLG,7,39,10,490,4900.00,2019-11-25 16:17:11.765165
682,2019112501004481,NBL,37,58,55,316,17380.00,2019-11-25 16:17:11.765165
683,2019112501004482,UNHPL,14,4,50,53,2650.00,2019-11-25 16:17:11.765165
684,2019112501004483,UNHPL,14,48,200,53,10600.00,2019-11-25 16:17:11.765165
685,2019112501004484,UNHPL,14,4,50,53,2650.00,2019-11-25 16:17:11.765165
686,2019112501004485,UNHPL,14,16,50,53,2650.00,2019-11-25 16:17:11.765165
687,2019112501004486,NBL,46,17,1000,316,316000.00,2019-11-25 16:17:11.765165
688,2019112501004487,HPPL,44,38,10,133,1330.00,2019-11-25 16:17:11.765165
689,2019112501004488,GGBSL,37,45,10,640,6400.00,2019-11-25 16:17:11.765165
690,2019112501004489,GBLBS,48,21,25,292,7300.00,2019-11-25 16:17:11.765165
691,2019112501004490,GBLBS,20,21,103,292,30076.00,2019-11-25 16:17:11.765165
692,2019112501004491,SJCL,32,47,20,154,3080.00,2019-11-25 16:17:11.765165
693,2019112501004492,ALBSL,19,38,10,392,3920.00,2019-11-25 16:17:11.765165
694,2019112501004456,UPPER,25,38,10,226,2260.00,2019-11-25 16:17:11.765165
695,2019112501004457,UPPER,39,38,30,224,6720.00,2019-11-25 16:17:11.765165
696,2019112501004458,NLIC,56,17,63,787,49581.00,2019-11-25 16:17:11.765165
697,2019112501004459,RHPL,37,38,40,163,6520.00,2019-11-25 16:17:11.765165
698,2019112501004460,KPCL,19,38,10,80,800.00,2019-11-25 16:17:11.765165
699,2019112501004461,SAEF,43,42,30000,8.35,250500.00,2019-11-25 16:17:11.765165
700,2019112501004462,PRIN,38,45,300,303,90900.00,2019-11-25 16:17:11.765165
701,2019112501004463,NLG,25,39,10,490,4900.00,2019-11-25 16:17:11.765165
702,2019112501004464,NBL,22,51,200,317,63400.00,2019-11-25 16:17:11.765165
703,2019112501004465,SJCL,44,47,20,153,3060.00,2019-11-25 16:17:11.765165
704,2019112501004466,NIL,57,46,10,375,3750.00,2019-11-25 16:17:11.765165
705,2019112501004467,SJCL,32,38,20,154,3080.00,2019-11-25 16:17:11.765165
706,2019112501004468,RHPL,37,47,40,163,6520.00,2019-11-25 16:17:11.765165
707,2019112501004469,NBL,51,58,20,316,6320.00,2019-11-25 16:17:11.765165
708,2019112501004470,NIB,42,11,250,416,104000.00,2019-11-25 16:17:11.765165
709,2019112501004471,NIB,45,11,213,415,88395.00,2019-11-25 16:17:11.765165
710,2019112501004472,NIB,45,11,500,415,207500.00,2019-11-25 16:17:11.765165
711,2019112501004422,AKJCL,49,38,20,56,1120.00,2019-11-25 16:17:11.765165
712,2019112501004423,NICL,40,49,150,244,36600.00,2019-11-25 16:17:11.765165
713,2019112501004424,NMB,46,53,500,380,190000.00,2019-11-25 16:17:11.765165
714,2019112501004425,BOKL,18,21,15,215,3225.00,2019-11-25 16:17:11.765165
715,2019112501004426,SHIVM,38,26,190,401,76190.00,2019-11-25 16:17:11.765165
716,2019112501004427,NMB,58,53,142,380,53960.00,2019-11-25 16:17:11.765165
717,2019112501004428,NMB,58,29,200,380,76000.00,2019-11-25 16:17:11.765165
718,2019112501004429,BPCL,16,45,11,345,3795.00,2019-11-25 16:17:11.765165
719,2019112501004430,OHL,5,44,400,405,162000.00,2019-11-25 16:17:11.765165
720,2019112501004431,SPDL,42,6,10,83,830.00,2019-11-25 16:17:11.765165
721,2019112501004432,SPDL,42,51,15,83,1245.00,2019-11-25 16:17:11.765165
722,2019112501004433,SPDL,42,4,15,83,1245.00,2019-11-25 16:17:11.765165
723,2019112501004434,SPDL,42,36,15,83,1245.00,2019-11-25 16:17:11.765165
724,2019112501004435,SPDL,42,59,29,83,2407.00,2019-11-25 16:17:11.765165
725,2019112501004436,SPDL,42,22,15,83,1245.00,2019-11-25 16:17:11.765165
726,2019112501004437,SMFBS,34,38,10,777,7770.00,2019-11-25 16:17:11.765165
727,2019112501004438,UPPER,25,49,50,226,11300.00,2019-11-25 16:17:11.765165
728,2019112501004439,SHPC,16,47,181,179,32399.00,2019-11-25 16:17:11.765165
729,2019112501004440,SHPC,16,47,2000,178,356000.00,2019-11-25 16:17:11.765165
730,2019112501004441,PMHPL,54,38,10,76,760.00,2019-11-25 16:17:11.765165
731,2019112501004442,NGPL,53,14,1000,108,108000.00,2019-11-25 16:17:11.765165
732,2019112501004443,SHPC,11,47,200,176,35200.00,2019-11-25 16:17:11.765165
733,2019112501004444,SHPC,48,47,300,176,52800.00,2019-11-25 16:17:11.765165
734,2019112501004445,SHPC,3,47,58,176,10208.00,2019-11-25 16:17:11.765165
735,2019112501004446,LICN,40,14,115,909,104535.00,2019-11-25 16:17:11.765165
736,2019112501004447,GFCL,56,16,300,127,38100.00,2019-11-25 16:17:11.765165
737,2019112501004448,GFCL,47,16,100,127,12700.00,2019-11-25 16:17:11.765165
738,2019112501004449,GFCL,59,16,34,126,4284.00,2019-11-25 16:17:11.765165
739,2019112501004450,DDBL,58,4,500,721,360500.00,2019-11-25 16:17:11.765165
740,2019112501004451,RHPL,37,38,40,163,6520.00,2019-11-25 16:17:11.765165
741,2019112501004452,SAEF,43,42,20000,8.35,167000.00,2019-11-25 16:17:11.765165
742,2019112501004453,SJCL,25,38,20,154,3080.00,2019-11-25 16:17:11.765165
743,2019112501004454,UPPER,25,49,90,226,20340.00,2019-11-25 16:17:11.765165
744,2019112501004455,UPPER,25,22,20,228,4560.00,2019-11-25 16:17:11.765165
745,2019112501004393,HIDCL,14,29,1000,131,131000.00,2019-11-25 16:17:11.765165
746,2019112501004394,RHPL,28,47,10,162,1620.00,2019-11-25 16:17:11.765165
747,2019112501004395,ADBL,16,17,17,412,7004.00,2019-11-25 16:17:11.765165
748,2019112501004396,ADBL,16,21,200,412,82400.00,2019-11-25 16:17:11.765165
749,2019112501004397,NBB,7,14,10,200,2000.00,2019-11-25 16:17:11.765165
750,2019112501004398,SBI,20,47,100,379,37900.00,2019-11-25 16:17:11.765165
751,2019112501004399,SJCL,25,47,10,154,1540.00,2019-11-25 16:17:11.765165
752,2019112501004400,NMB,52,25,142,380,53960.00,2019-11-25 16:17:11.765165
753,2019112501004401,NMB,52,53,358,380,136040.00,2019-11-25 16:17:11.765165
754,2019112501004402,NUBL,7,47,30,878,26340.00,2019-11-25 16:17:11.765165
755,2019112501004403,NUBL,43,47,500,877,438500.00,2019-11-25 16:17:11.765165
756,2019112501004404,NUBL,57,47,453,876,396828.00,2019-11-25 16:17:11.765165
757,2019112501004405,LICN,39,14,100,909,90900.00,2019-11-25 16:17:11.765165
758,2019112501004406,UPPER,39,38,50,224,11200.00,2019-11-25 16:17:11.765165
759,2019112501004407,CCBL,45,56,81,160,12960.00,2019-11-25 16:17:11.765165
760,2019112501004408,CCBL,45,34,300,160,48000.00,2019-11-25 16:17:11.765165
761,2019112501004409,CCBL,45,51,124,160,19840.00,2019-11-25 16:17:11.765165
762,2019112501004410,SJCL,25,38,20,154,3080.00,2019-11-25 16:17:11.765165
763,2019112501004411,NUBL,49,47,10,873,8730.00,2019-11-25 16:17:11.765165
764,2019112501004412,NUBL,42,47,118,871,102778.00,2019-11-25 16:17:11.765165
765,2019112501004413,MERO,52,17,100,412,41200.00,2019-11-25 16:17:11.765165
766,2019112501004414,RHPL,28,38,30,162,4860.00,2019-11-25 16:17:11.765165
767,2019112501004415,RHPL,40,38,10,162,1620.00,2019-11-25 16:17:11.765165
768,2019112501004416,RHPL,37,34,40,163,6520.00,2019-11-25 16:17:11.765165
769,2019112501004417,RHPL,37,17,30,163,4890.00,2019-11-25 16:17:11.765165
770,2019112501004418,RHPL,37,38,40,163,6520.00,2019-11-25 16:17:11.765165
771,2019112501004419,RHPL,37,34,40,163,6520.00,2019-11-25 16:17:11.765165
772,2019112501004420,SHL,13,38,200,209,41800.00,2019-11-25 16:17:11.765165
773,2019112501004421,MERO,52,17,100,412,41200.00,2019-11-25 16:17:11.765165
774,2019112501004360,MBL,58,58,200,218,43600.00,2019-11-25 16:17:11.765165
775,2019112501004361,MBL,58,46,225,218,49050.00,2019-11-25 16:17:11.765165
776,2019112501004362,SBL,43,43,1000,277,277000.00,2019-11-25 16:17:11.765165
777,2019112501004363,UPPER,39,21,15,224,3360.00,2019-11-25 16:17:11.765165
778,2019112501004364,SJCL,4,17,20,154,3080.00,2019-11-25 16:17:11.765165
779,2019112501004365,CCBL,49,41,20,160,3200.00,2019-11-25 16:17:11.765165
780,2019112501004366,SJCL,4,34,20,154,3080.00,2019-11-25 16:17:11.765165
781,2019112501004367,PMHPL,54,38,10,76,760.00,2019-11-25 16:17:11.765165
782,2019112501004368,CBBL,58,57,231,975,225225.00,2019-11-25 16:17:11.765165
783,2019112501004369,PFL,45,47,100,135,13500.00,2019-11-25 16:17:11.765165
784,2019112501004370,PRVU,44,28,50,223,11150.00,2019-11-25 16:17:11.765165
785,2019112501004371,RHPL,28,38,40,162,6480.00,2019-11-25 16:17:11.765165
786,2019112501004372,PRVU,33,28,250,223,55750.00,2019-11-25 16:17:11.765165
787,2019112501004373,SIL,25,38,14,368,5152.00,2019-11-25 16:17:11.765165
788,2019112501004374,CBBL,58,45,29,976,28304.00,2019-11-25 16:17:11.765165
789,2019112501004375,SJCL,4,38,20,154,3080.00,2019-11-25 16:17:11.765165
790,2019112501004376,NMB,43,1,506,380,192280.00,2019-11-25 16:17:11.765165
791,2019112501004377,NMB,43,39,436,380,165680.00,2019-11-25 16:17:11.765165
792,2019112501004378,NMB,43,22,58,380,22040.00,2019-11-25 16:17:11.765165
793,2019112501004379,NMB,51,22,20,380,7600.00,2019-11-25 16:17:11.765165
794,2019112501004380,CCBL,16,41,281,160,44960.00,2019-11-25 16:17:11.765165
795,2019112501004381,CCBL,16,56,19,160,3040.00,2019-11-25 16:17:11.765165
796,2019112501004382,DBBL,1,57,160,122,19520.00,2019-11-25 16:17:11.765165
797,2019112501004383,DBBL,1,22,90,122,10980.00,2019-11-25 16:17:11.765165
798,2019112501004384,NMFBS,10,11,50,1781,89050.00,2019-11-25 16:17:11.765165
799,2019112501004385,NMFBS,10,19,55,1783,98065.00,2019-11-25 16:17:11.765165
800,2019112501004386,SICL,17,17,29,735,21315.00,2019-11-25 16:17:11.765165
801,2019112501004387,NMB,33,22,22,380,8360.00,2019-11-25 16:17:11.765165
802,2019112501004388,NMB,33,25,78,380,29640.00,2019-11-25 16:17:11.765165
803,2019112501004389,KBL,33,28,240,178,42720.00,2019-11-25 16:17:11.765165
804,2019112501004390,NABIL,50,8,50,731,36550.00,2019-11-25 16:17:11.765165
805,2019112501004391,OHL,55,44,100,405,40500.00,2019-11-25 16:17:11.765165
806,2019112501004392,SJCL,4,47,10,154,1540.00,2019-11-25 16:17:11.765165
807,2019112501004338,RHPL,28,38,50,162,8100.00,2019-11-25 16:17:11.765165
808,2019112501004339,UPPER,46,49,10,226,2260.00,2019-11-25 16:17:11.765165
809,2019112501004340,NBB,25,14,200,200,40000.00,2019-11-25 16:17:11.765165
810,2019112501004341,SJCL,4,38,20,154,3080.00,2019-11-25 16:17:11.765165
811,2019112501004342,GLBSL,52,38,10,374,3740.00,2019-11-25 16:17:11.765165
812,2019112501004343,NICA,40,58,100,405,40500.00,2019-11-25 16:17:11.765165
813,2019112501004344,NICA,40,32,500,405,202500.00,2019-11-25 16:17:11.765165
814,2019112501004345,NICA,40,52,100,405,40500.00,2019-11-25 16:17:11.765165
815,2019112501004346,NICA,40,52,50,405,20250.00,2019-11-25 16:17:11.765165
816,2019112501004347,SIL,6,10,131,363,47553.00,2019-11-25 16:17:11.765165
817,2019112501004348,PCBL,42,55,20,273,5460.00,2019-11-25 16:17:11.765165
818,2019112501004349,UPPER,39,38,50,224,11200.00,2019-11-25 16:17:11.765165
819,2019112501004350,LICN,49,59,17,905,15385.00,2019-11-25 16:17:11.765165
820,2019112501004351,SBL,34,45,36,280,10080.00,2019-11-25 16:17:11.765165
821,2019112501004352,SBL,34,18,14,280,3920.00,2019-11-25 16:17:11.765165
822,2019112501004353,ILBS,55,44,10,468,4680.00,2019-11-25 16:17:11.765165
823,2019112501004354,ILBS,55,57,100,468,46800.00,2019-11-25 16:17:11.765165
824,2019112501004355,SJCL,4,38,10,154,1540.00,2019-11-25 16:17:11.765165
825,2019112501004356,NMFBS,33,32,50,1768,88400.00,2019-11-25 16:17:11.765165
826,2019112501004357,NMFBS,33,19,15,1769,26535.00,2019-11-25 16:17:11.765165
827,2019112501004358,ILBS,32,38,10,465,4650.00,2019-11-25 16:17:11.765165
828,2019112501004359,NABIL,40,8,50,731,36550.00,2019-11-25 16:17:11.765165
829,2019112501004284,SJCL,4,38,20,154,3080.00,2019-11-25 16:17:11.765165
830,2019112501004285,SJCL,40,35,100,155,15500.00,2019-11-25 16:17:11.765165
831,2019112501004286,GBLBS,58,45,165,290,47850.00,2019-11-25 16:17:11.765165
832,2019112501004287,BPCL,16,17,103,345,35535.00,2019-11-25 16:17:11.765165
833,2019112501004288,NMB,50,49,19,379,7201.00,2019-11-25 16:17:11.765165
834,2019112501004289,NMB,58,49,131,379,49649.00,2019-11-25 16:17:11.765165
835,2019112501004290,NICA,50,45,43,404,17372.00,2019-11-25 16:17:11.765165
836,2019112501004291,SLBSL,56,38,10,690,6900.00,2019-11-25 16:17:11.765165
837,2019112501004292,SLBSL,56,38,10,690,6900.00,2019-11-25 16:17:11.765165
838,2019112501004293,SLBSL,56,38,10,690,6900.00,2019-11-25 16:17:11.765165
839,2019112501004294,SLBSL,56,38,10,690,6900.00,2019-11-25 16:17:11.765165
840,2019112501004295,SLBSL,56,38,10,690,6900.00,2019-11-25 16:17:11.765165
841,2019112501004296,SLBSL,56,38,10,690,6900.00,2019-11-25 16:17:11.765165
842,2019112501004297,NABIL,40,8,50,731,36550.00,2019-11-25 16:17:11.765165
843,2019112501004298,SJCL,4,38,20,154,3080.00,2019-11-25 16:17:11.765165
844,2019112501004299,PMHPL,54,38,10,76,760.00,2019-11-25 16:17:11.765165
845,2019112501004300,NBL,55,28,50,316,15800.00,2019-11-25 16:17:11.765165
846,2019112501004301,RHPL,28,38,40,162,6480.00,2019-11-25 16:17:11.765165
847,2019112501004302,NBL,10,28,250,316,79000.00,2019-11-25 16:17:11.765165
848,2019112501004303,NBL,10,44,1773,316,560268.00,2019-11-25 16:17:11.765165
849,2019112501004304,GBBL,25,14,136,222,30192.00,2019-11-25 16:17:11.765165
850,2019112501004305,GBBL,25,51,246,222,54612.00,2019-11-25 16:17:11.765165
851,2019112501004306,GBBL,25,39,220,222,48840.00,2019-11-25 16:17:11.765165
852,2019112501004307,GBBL,25,39,200,222,44400.00,2019-11-25 16:17:11.765165
853,2019112501004308,GBBL,25,39,100,222,22200.00,2019-11-25 16:17:11.765165
854,2019112501004309,GBBL,25,39,500,222,111000.00,2019-11-25 16:17:11.765165
855,2019112501004310,GBBL,25,39,150,222,33300.00,2019-11-25 16:17:11.765165
856,2019112501004311,GBBL,25,39,200,222,44400.00,2019-11-25 16:17:11.765165
857,2019112501004312,GBBL,25,39,100,222,22200.00,2019-11-25 16:17:11.765165
858,2019112501004313,GBBL,25,39,250,222,55500.00,2019-11-25 16:17:11.765165
859,2019112501004314,GBBL,25,39,220,222,48840.00,2019-11-25 16:17:11.765165
860,2019112501004315,GBBL,25,39,100,222,22200.00,2019-11-25 16:17:11.765165
861,2019112501004316,GBBL,25,39,120,222,26640.00,2019-11-25 16:17:11.765165
862,2019112501004317,GBBL,25,39,100,222,22200.00,2019-11-25 16:17:11.765165
863,2019112501004318,GBBL,25,39,120,222,26640.00,2019-11-25 16:17:11.765165
864,2019112501004319,GBBL,25,39,120,222,26640.00,2019-11-25 16:17:11.765165
865,2019112501004320,GBBL,25,39,120,222,26640.00,2019-11-25 16:17:11.765165
866,2019112501004321,GBBL,25,39,100,222,22200.00,2019-11-25 16:17:11.765165
867,2019112501004322,GBBL,25,39,570,222,126540.00,2019-11-25 16:17:11.765165
868,2019112501004323,GBBL,25,39,220,222,48840.00,2019-11-25 16:17:11.765165
869,2019112501004324,GBBL,25,39,50,222,11100.00,2019-11-25 16:17:11.765165
870,2019112501004325,GBBL,25,39,58,222,12876.00,2019-11-25 16:17:11.765165
871,2019112501004326,RHPL,28,38,40,162,6480.00,2019-11-25 16:17:11.765165
872,2019112501004327,SJCL,4,34,10,154,1540.00,2019-11-25 16:17:11.765165
873,2019112501004328,AKJCL,43,38,10,56,560.00,2019-11-25 16:17:11.765165
874,2019112501004329,SJCL,4,38,20,154,3080.00,2019-11-25 16:17:11.765165
875,2019112501004330,NICA,40,38,667,404,269468.00,2019-11-25 16:17:11.765165
876,2019112501004331,NICA,40,45,12,404,4848.00,2019-11-25 16:17:11.765165
877,2019112501004332,UPPER,39,38,50,224,11200.00,2019-11-25 16:17:11.765165
878,2019112501004333,NMB,19,39,40,380,15200.00,2019-11-25 16:17:11.765165
879,2019112501004334,ADBL,52,51,63,409,25767.00,2019-11-25 16:17:11.765165
880,2019112501004335,ADBL,52,51,53,409,21677.00,2019-11-25 16:17:11.765165
881,2019112501004336,ADBL,52,14,68,410,27880.00,2019-11-25 16:17:11.765165
882,2019112501004337,PMHPL,54,38,10,76,760.00,2019-11-25 16:17:11.765165
883,2019112501004247,AKBSL,58,38,10,420,4200.00,2019-11-25 16:17:11.765165
884,2019112501004248,MBL,50,49,150,216,32400.00,2019-11-25 16:17:11.765165
885,2019112501004249,FOWAD,50,1,60,1309,78540.00,2019-11-25 16:17:11.765165
886,2019112501004250,FOWAD,52,1,62,1309,81158.00,2019-11-25 16:17:11.765165
887,2019112501004251,SBI,56,47,199,377,75023.00,2019-11-25 16:17:11.765165
888,2019112501004252,PMHPL,32,38,10,76,760.00,2019-11-25 16:17:11.765165
889,2019112501004253,UMHL,54,22,14,98,1372.00,2019-11-25 16:17:11.765165
890,2019112501004254,HDL,33,53,60,1750,105000.00,2019-11-25 16:17:11.765165
891,2019112501004255,SLBBL,22,37,200,622,124400.00,2019-11-25 16:17:11.765165
892,2019112501004256,RHPL,28,38,40,162,6480.00,2019-11-25 16:17:11.765165
893,2019112501004257,ADBL,52,38,73,408,29784.00,2019-11-25 16:17:11.765165
894,2019112501004258,ADBL,52,51,427,409,174643.00,2019-11-25 16:17:11.765165
895,2019112501004259,AKBSL,58,38,10,420,4200.00,2019-11-25 16:17:11.765165
896,2019112501004260,SBI,56,29,95,378,35910.00,2019-11-25 16:17:11.765165
897,2019112501004261,SBI,56,13,601,378,227178.00,2019-11-25 16:17:11.765165
898,2019112501004262,SABSL,44,38,10,463,4630.00,2019-11-25 16:17:11.765165
899,2019112501004263,EBL,33,49,45,537,24165.00,2019-11-25 16:17:11.765165
900,2019112501004264,SLBBL,22,7,350,623,218050.00,2019-11-25 16:17:11.765165
901,2019112501004265,NCCB,8,49,10,199,1990.00,2019-11-25 16:17:11.765165
902,2019112501004266,PMHPL,54,38,10,76,760.00,2019-11-25 16:17:11.765165
903,2019112501004267,NICA,36,49,18,404,7272.00,2019-11-25 16:17:11.765165
904,2019112501004268,NICA,50,49,132,404,53328.00,2019-11-25 16:17:11.765165
905,2019112501004269,SJCL,4,38,20,154,3080.00,2019-11-25 16:17:11.765165
906,2019112501004270,UPPER,25,50,200,226,45200.00,2019-11-25 16:17:11.765165
907,2019112501004271,UPPER,25,22,13,228,2964.00,2019-11-25 16:17:11.765165
908,2019112501004272,GBLBS,25,45,85,290,24650.00,2019-11-25 16:17:11.765165
909,2019112501004273,UPPER,39,38,50,224,11200.00,2019-11-25 16:17:11.765165
910,2019112501004274,SRBL,22,43,273,209,57057.00,2019-11-25 16:17:11.765165
911,2019112501004275,RHPL,28,38,40,162,6480.00,2019-11-25 16:17:11.765165
912,2019112501004276,MBL,49,39,218,217,47306.00,2019-11-25 16:17:11.765165
913,2019112501004277,ILBS,32,41,10,465,4650.00,2019-11-25 16:17:11.765165
914,2019112501004278,ALBSL,19,17,10,392,3920.00,2019-11-25 16:17:11.765165
915,2019112501004279,DBBL,45,57,990,122,120780.00,2019-11-25 16:17:11.765165
916,2019112501004280,HDL,36,53,100,1750,175000.00,2019-11-25 16:17:11.765165
917,2019112501004281,NABIL,14,8,100,731,73100.00,2019-11-25 16:17:11.765165
918,2019112501004282,SABSL,44,38,10,463,4630.00,2019-11-25 16:17:11.765165
919,2019112501004283,SBL,43,43,1000,277,277000.00,2019-11-25 16:17:11.765165
920,2019112501004211,PMHPL,32,38,10,76,760.00,2019-11-25 16:17:11.765165
921,2019112501004212,LLBS,40,14,40,680,27200.00,2019-11-25 16:17:11.765165
922,2019112501004213,SMFBS,57,38,10,775,7750.00,2019-11-25 16:17:11.765165
923,2019112501004214,SAEF,8,22,500,8.35,4175.00,2019-11-25 16:17:11.765165
924,2019112501004215,NMB,29,52,69,379,26151.00,2019-11-25 16:17:11.765165
925,2019112501004216,NMB,50,52,31,379,11749.00,2019-11-25 16:17:11.765165
926,2019112501004217,SJCL,59,47,20,154,3080.00,2019-11-25 16:17:11.765165
927,2019112501004218,DDBL,43,4,500,718,359000.00,2019-11-25 16:17:11.765165
928,2019112501004219,SJCL,59,38,10,154,1540.00,2019-11-25 16:17:11.765165
929,2019112501004220,NLIC,39,46,100,787,78700.00,2019-11-25 16:17:11.765165
930,2019112501004221,NABIL,11,6,50,730,36500.00,2019-11-25 16:17:11.765165
931,2019112501004222,NABIL,1,6,450,730,328500.00,2019-11-25 16:17:11.765165
932,2019112501004223,NMFBS,10,14,28,1758,49224.00,2019-11-25 16:17:11.765165
933,2019112501004224,NMFBS,10,32,50,1759,87950.00,2019-11-25 16:17:11.765165
934,2019112501004225,NMFBS,10,56,30,1760,52800.00,2019-11-25 16:17:11.765165
935,2019112501004226,RRHP,6,38,10,98,980.00,2019-11-25 16:17:11.765165
936,2019112501004227,DDBL,53,4,500,717,358500.00,2019-11-25 16:17:11.765165
937,2019112501004228,MDB,17,39,553,239,132167.00,2019-11-25 16:17:11.765165
938,2019112501004229,PRVU,44,28,300,223,66900.00,2019-11-25 16:17:11.765165
939,2019112501004230,RHPL,28,38,40,162,6480.00,2019-11-25 16:17:11.765165
940,2019112501004231,SEF,3,22,750,8.71,6532.50,2019-11-25 16:17:11.765165
941,2019112501004232,CHCL,6,49,150,351,52650.00,2019-11-25 16:17:11.765165
942,2019112501004233,RHPL,28,38,50,162,8100.00,2019-11-25 16:17:11.765165
943,2019112501004234,NLIC,33,49,75,786,58950.00,2019-11-25 16:17:11.765165
944,2019112501004235,EBL,44,37,200,536,107200.00,2019-11-25 16:17:11.765165
945,2019112501004236,SLBBL,10,7,150,620,93000.00,2019-11-25 16:17:11.765165
946,2019112501004237,SJCL,59,38,20,154,3080.00,2019-11-25 16:17:11.765165
947,2019112501004238,PMHPL,32,38,10,76,760.00,2019-11-25 16:17:11.765165
948,2019112501004239,BOKL,36,52,100,218,21800.00,2019-11-25 16:17:11.765165
949,2019112501004240,KPCL,19,38,10,80,800.00,2019-11-25 16:17:11.765165
950,2019112501004241,CCBL,17,46,200,159,31800.00,2019-11-25 16:17:11.765165
951,2019112501004242,NBL,48,38,300,316,94800.00,2019-11-25 16:17:11.765165
952,2019112501004243,SJCL,59,22,10,154,1540.00,2019-11-25 16:17:11.765165
953,2019112501004244,SJCL,4,22,10,154,1540.00,2019-11-25 16:17:11.765165
954,2019112501004245,SBI,56,47,601,377,226577.00,2019-11-25 16:17:11.765165
955,2019112501004246,UPPER,56,38,50,225,11250.00,2019-11-25 16:17:11.765165
956,2019112501004178,PMHPL,32,38,10,76,760.00,2019-11-25 16:17:11.765165
957,2019112501004179,SPARS,39,38,10,507,5070.00,2019-11-25 16:17:11.765165
958,2019112501004180,RHPL,25,38,40,163,6520.00,2019-11-25 16:17:11.765165
959,2019112501004181,RHPC,21,22,19,70,1330.00,2019-11-25 16:17:11.765165
960,2019112501004182,RHPC,22,48,1000,71,71000.00,2019-11-25 16:17:11.765165
961,2019112501004183,SJCL,32,38,20,154,3080.00,2019-11-25 16:17:11.765165
962,2019112501004184,NABIL,59,8,50,731,36550.00,2019-11-25 16:17:11.765165
963,2019112501004185,UPPER,56,38,50,225,11250.00,2019-11-25 16:17:11.765165
964,2019112501004186,API,55,25,1000,101,101000.00,2019-11-25 16:17:11.765165
965,2019112501004187,SJCL,32,47,20,154,3080.00,2019-11-25 16:17:11.765165
966,2019112501004188,RHPL,25,22,30,163,4890.00,2019-11-25 16:17:11.765165
967,2019112501004189,RHPL,25,47,10,163,1630.00,2019-11-25 16:17:11.765165
968,2019112501004190,RHPL,51,47,10,163,1630.00,2019-11-25 16:17:11.765165
969,2019112501004191,KPCL,51,17,10,81,810.00,2019-11-25 16:17:11.765165
970,2019112501004192,SPARS,39,38,10,507,5070.00,2019-11-25 16:17:11.765165
971,2019112501004193,CZBIL,29,29,4,182,728.00,2019-11-25 16:17:11.765165
972,2019112501004194,NBB,56,14,200,200,40000.00,2019-11-25 16:17:11.765165
973,2019112501004195,ALBSL,58,38,10,391,3910.00,2019-11-25 16:17:11.765165
974,2019112501004196,UPPER,56,38,50,225,11250.00,2019-11-25 16:17:11.765165
975,2019112501004197,NCCB,13,43,480,199,95520.00,2019-11-25 16:17:11.765165
976,2019112501004198,NCCB,13,38,10,199,1990.00,2019-11-25 16:17:11.765165
977,2019112501004199,NCCB,13,58,20,199,3980.00,2019-11-25 16:17:11.765165
978,2019112501004200,NCCB,13,34,157,199,31243.00,2019-11-25 16:17:11.765165
979,2019112501004201,RRHP,6,22,10,98,980.00,2019-11-25 16:17:11.765165
980,2019112501004202,API,25,6,20,103,2060.00,2019-11-25 16:17:11.765165
981,2019112501004203,GGBSL,34,28,30,650,19500.00,2019-11-25 16:17:11.765165
982,2019112501004204,RHPL,51,47,10,163,1630.00,2019-11-25 16:17:11.765165
983,2019112501004205,RHPL,28,47,30,162,4860.00,2019-11-25 16:17:11.765165
984,2019112501004206,KPCL,51,38,10,81,810.00,2019-11-25 16:17:11.765165
985,2019112501004207,LICN,35,50,100,900,90000.00,2019-11-25 16:17:11.765165
986,2019112501004208,UPPER,56,38,50,225,11250.00,2019-11-25 16:17:11.765165
987,2019112501004209,LBL,32,1,210,215,45150.00,2019-11-25 16:17:11.765165
988,2019112501004210,LBBL,45,34,200,169,33800.00,2019-11-25 16:17:11.765165
989,2019112501004153,SABSL,44,38,10,463,4630.00,2019-11-25 16:17:11.765165
990,2019112501004154,SJCL,32,47,20,154,3080.00,2019-11-25 16:17:11.765165
991,2019112501004155,ILBS,32,22,10,465,4650.00,2019-11-25 16:17:11.765165
992,2019112501004156,RHPL,25,38,40,163,6520.00,2019-11-25 16:17:11.765165
993,2019112501004157,RHPL,25,47,40,163,6520.00,2019-11-25 16:17:11.765165
994,2019112501004158,SHPC,56,6,200,181,36200.00,2019-11-25 16:17:11.765165
995,2019112501004159,NMB,55,39,50,380,19000.00,2019-11-25 16:17:11.765165
996,2019112501004160,SJCL,32,38,20,154,3080.00,2019-11-25 16:17:11.765165
997,2019112501004161,AKJCL,43,38,20,56,1120.00,2019-11-25 16:17:11.765165
998,2019112501004162,SHIVM,36,26,300,401,120300.00,2019-11-25 16:17:11.765165
999,2019112501004163,NGPL,53,22,11,108,1188.00,2019-11-25 16:17:11.765165
1000,2019112501004164,RHPL,25,26,10,163,1630.00,2019-11-25 16:17:11.765165
1001,2019112501004165,RHPL,25,47,40,163,6520.00,2019-11-25 16:17:11.765165
1002,2019112501004166,NIB,26,58,200,416,83200.00,2019-11-25 16:17:11.765165
1003,2019112501004167,NIB,16,58,13,415,5395.00,2019-11-25 16:17:11.765165
1004,2019112501004168,NIB,45,58,287,415,119105.00,2019-11-25 16:17:11.765165
1005,2019112501004169,SJCL,32,26,10,154,1540.00,2019-11-25 16:17:11.765165
1006,2019112501004170,SJCL,32,47,20,154,3080.00,2019-11-25 16:17:11.765165
1007,2019112501004171,RHPL,25,38,40,163,6520.00,2019-11-25 16:17:11.765165
1008,2019112501004172,SABSL,44,46,10,463,4630.00,2019-11-25 16:17:11.765165
1009,2019112501004173,SABSL,44,38,10,463,4630.00,2019-11-25 16:17:11.765165
1010,2019112501004174,NICGF,50,22,500,8.46,4230.00,2019-11-25 16:17:11.765165
1011,2019112501004175,NMB,55,39,100,380,38000.00,2019-11-25 16:17:11.765165
1012,2019112501004176,NIB,36,26,25,418,10450.00,2019-11-25 16:17:11.765165
1013,2019112501004177,SJCL,32,38,20,154,3080.00,2019-11-25 16:17:11.765165
1014,2019112501004112,NMB,29,33,10,379,3790.00,2019-11-25 16:17:11.765165
1015,2019112501004113,SJCL,32,38,20,154,3080.00,2019-11-25 16:17:11.765165
1016,2019112501004114,RHPL,25,38,40,163,6520.00,2019-11-25 16:17:11.765165
1017,2019112501004115,CMF1,43,22,500,8.68,4340.00,2019-11-25 16:17:11.765165
1018,2019112501004116,SJCL,32,38,20,154,3080.00,2019-11-25 16:17:11.765165
1019,2019112501004117,CBL,49,42,300,135,40500.00,2019-11-25 16:17:11.765165
1020,2019112501004118,NGPL,45,17,321,109,34989.00,2019-11-25 16:17:11.765165
1021,2019112501004119,NLBBL,37,21,282,500,141000.00,2019-11-25 16:17:11.765165
1022,2019112501004120,NIB,36,26,23,418,9614.00,2019-11-25 16:17:11.765165
1023,2019112501004121,KSBBL,43,49,13,133,1729.00,2019-11-25 16:17:11.765165
1024,2019112501004122,UPPER,39,38,50,224,11200.00,2019-11-25 16:17:11.765165
1025,2019112501004123,GGBSL,34,39,10,650,6500.00,2019-11-25 16:17:11.765165
1026,2019112501004124,NICL,10,4,400,245,98000.00,2019-11-25 16:17:11.765165
1027,2019112501004125,RHPL,25,47,40,163,6520.00,2019-11-25 16:17:11.765165
1028,2019112501004126,SJCL,32,38,10,154,1540.00,2019-11-25 16:17:11.765165
1029,2019112501004127,BARUN,49,4,10,91,910.00,2019-11-25 16:17:11.765165
1030,2019112501004128,BARUN,49,22,10,91,910.00,2019-11-25 16:17:11.765165
1031,2019112501004129,RHPL,25,38,40,163,6520.00,2019-11-25 16:17:11.765165
1032,2019112501004130,HIDCL,14,22,61,130,7930.00,2019-11-25 16:17:11.765165
1033,2019112501004131,UIC,51,32,100,225,22500.00,2019-11-25 16:17:11.765165
1034,2019112501004132,PMHPL,32,38,10,76,760.00,2019-11-25 16:17:11.765165
1035,2019112501004133,RHPL,25,47,40,163,6520.00,2019-11-25 16:17:11.765165
1036,2019112501004134,CBL,48,42,1200,135,162000.00,2019-11-25 16:17:11.765165
1037,2019112501004135,LBBL,48,56,366,168,61488.00,2019-11-25 16:17:11.765165
1038,2019112501004136,LBBL,8,56,12,167,2004.00,2019-11-25 16:17:11.765165
1039,2019112501004137,LBBL,14,56,300,167,50100.00,2019-11-25 16:17:11.765165
1040,2019112501004138,LBBL,1,56,50,167,8350.00,2019-11-25 16:17:11.765165
1041,2019112501004139,LBBL,56,56,50,166,8300.00,2019-11-25 16:17:11.765165
1042,2019112501004140,LBBL,1,56,500,166,83000.00,2019-11-25 16:17:11.765165
1043,2019112501004141,LBBL,8,56,1000,166,166000.00,2019-11-25 16:17:11.765165
1044,2019112501004142,LBBL,57,56,300,166,49800.00,2019-11-25 16:17:11.765165
1045,2019112501004143,LBBL,16,56,272,166,45152.00,2019-11-25 16:17:11.765165
1046,2019112501004144,HPPL,44,22,10,133,1330.00,2019-11-25 16:17:11.765165
1047,2019112501004145,SJCL,32,47,20,154,3080.00,2019-11-25 16:17:11.765165
1048,2019112501004146,ALBSL,58,39,10,390,3900.00,2019-11-25 16:17:11.765165
1049,2019112501004147,ALBSL,58,59,10,391,3910.00,2019-11-25 16:17:11.765165
1050,2019112501004148,ALBSL,58,37,10,391,3910.00,2019-11-25 16:17:11.765165
1051,2019112501004149,GBBL,49,21,300,221,66300.00,2019-11-25 16:17:11.765165
1052,2019112501004150,GBBL,38,21,200,220,44000.00,2019-11-25 16:17:11.765165
1053,2019112501004151,RHPL,25,38,50,163,8150.00,2019-11-25 16:17:11.765165
1054,2019112501004152,SJCL,32,38,20,154,3080.00,2019-11-25 16:17:11.765165
1055,2019112501004083,GGBSL,34,3,10,647,6470.00,2019-11-25 16:17:11.765165
1056,2019112501004084,SLBBL,17,16,100,621,62100.00,2019-11-25 16:17:11.765165
1057,2019112501004085,SLBBL,17,49,60,621,37260.00,2019-11-25 16:17:11.765165
1058,2019112501004086,EBL,40,17,100,537,53700.00,2019-11-25 16:17:11.765165
1059,2019112501004087,NLG,13,50,100,489,48900.00,2019-11-25 16:17:11.765165
1060,2019112501004088,BOKL,13,52,480,215,103200.00,2019-11-25 16:17:11.765165
1061,2019112501004089,BOKL,13,34,38,215,8170.00,2019-11-25 16:17:11.765165
1062,2019112501004090,CLBSL,7,22,12,441,5292.00,2019-11-25 16:17:11.765165
1063,2019112501004091,CLBSL,38,22,10,440,4400.00,2019-11-25 16:17:11.765165
1064,2019112501004092,LBBL,48,38,134,168,22512.00,2019-11-25 16:17:11.765165
1065,2019112501004093,SLBBL,36,58,50,624,31200.00,2019-11-25 16:17:11.765165
1066,2019112501004094,CBBL,45,35,20,972,19440.00,2019-11-25 16:17:11.765165
1067,2019112501004095,CBBL,43,35,80,972,77760.00,2019-11-25 16:17:11.765165
1068,2019112501004096,CHCL,6,49,59,351,20709.00,2019-11-25 16:17:11.765165
1069,2019112501004097,ILBS,57,38,10,463,4630.00,2019-11-25 16:17:11.765165
1070,2019112501004098,DHPL,22,22,11,49,539.00,2019-11-25 16:17:11.765165
1071,2019112501004099,PMHPL,54,38,10,76,760.00,2019-11-25 16:17:11.765165
1072,2019112501004100,KPCL,19,38,10,80,800.00,2019-11-25 16:17:11.765165
1073,2019112501004101,BOKL,49,34,200,215,43000.00,2019-11-25 16:17:11.765165
1074,2019112501004102,NCCB,16,50,40,198,7920.00,2019-11-25 16:17:11.765165
1075,2019112501004103,NCCB,49,50,277,198,54846.00,2019-11-25 16:17:11.765165
1076,2019112501004104,NCCB,49,22,44,198,8712.00,2019-11-25 16:17:11.765165
1077,2019112501004105,PCBL,45,54,50,272,13600.00,2019-11-25 16:17:11.765165
1078,2019112501004106,RHPL,25,38,40,163,6520.00,2019-11-25 16:17:11.765165
1079,2019112501004107,EIC,42,7,75,210,15750.00,2019-11-25 16:17:11.765165
1080,2019112501004108,PMHPL,54,38,10,76,760.00,2019-11-25 16:17:11.765165
1081,2019112501004109,NABIL,4,8,200,731,146200.00,2019-11-25 16:17:11.765165
1082,2019112501004110,SLBBL,20,54,186,620,115320.00,2019-11-25 16:17:11.765165
1083,2019112501004111,SLBBL,34,54,464,620,287680.00,2019-11-25 16:17:11.765165
1084,2019112501004049,RHPL,46,47,40,162,6480.00,2019-11-25 16:17:11.765165
1085,2019112501004050,KKHC,41,21,16,52,832.00,2019-11-25 16:17:11.765165
1086,2019112501004051,LLBS,18,14,10,680,6800.00,2019-11-25 16:17:11.765165
1087,2019112501004052,SJCL,4,47,20,155,3100.00,2019-11-25 16:17:11.765165
1088,2019112501004053,PIC,22,38,11,341,3751.00,2019-11-25 16:17:11.765165
1089,2019112501004054,AKPL,45,22,13,109,1417.00,2019-11-25 16:17:11.765165
1090,2019112501004055,SJCL,4,40,10,155,1550.00,2019-11-25 16:17:11.765165
1091,2019112501004056,PMHPL,54,38,10,76,760.00,2019-11-25 16:17:11.765165
1092,2019112501004057,CIT,45,34,30,1705,51150.00,2019-11-25 16:17:11.765165
1093,2019112501004058,SJCL,4,47,20,155,3100.00,2019-11-25 16:17:11.765165
1094,2019112501004059,MEGA,32,8,500,181,90500.00,2019-11-25 16:17:11.765165
1095,2019112501004060,SJCL,4,17,20,155,3100.00,2019-11-25 16:17:11.765165
1096,2019112501004061,KKHC,41,21,16,52,832.00,2019-11-25 16:17:11.765165
1097,2019112501004062,ALBSL,33,22,10,386,3860.00,2019-11-25 16:17:11.765165
1098,2019112501004063,RHPL,46,38,40,162,6480.00,2019-11-25 16:17:11.765165
1099,2019112501004064,RHPL,46,47,20,162,3240.00,2019-11-25 16:17:11.765165
1100,2019112501004065,RHPL,28,47,20,162,3240.00,2019-11-25 16:17:11.765165
1101,2019112501004066,NBL,10,52,2785,316,880060.00,2019-11-25 16:17:11.765165
1102,2019112501004067,NBL,10,17,1500,316,474000.00,2019-11-25 16:17:11.765165
1103,2019112501004068,NBL,10,17,1500,316,474000.00,2019-11-25 16:17:11.765165
1104,2019112501004069,SJCL,4,38,20,155,3100.00,2019-11-25 16:17:11.765165
1105,2019112501004070,API,32,22,18,101,1818.00,2019-11-25 16:17:11.765165
1106,2019112501004071,RHPL,28,17,30,162,4860.00,2019-11-25 16:17:11.765165
1107,2019112501004072,GGBSL,33,8,10,645,6450.00,2019-11-25 16:17:11.765165
1108,2019112501004073,RHPL,28,47,40,162,6480.00,2019-11-25 16:17:11.765165
1109,2019112501004074,SPARS,38,38,10,506,5060.00,2019-11-25 16:17:11.765165
1110,2019112501004075,SJCL,4,47,20,155,3100.00,2019-11-25 16:17:11.765165
1111,2019112501004076,UPPER,39,40,50,224,11200.00,2019-11-25 16:17:11.765165
1112,2019112501004077,SJCL,4,35,60,155,9300.00,2019-11-25 16:17:11.765165
1113,2019112501004078,MBL,49,45,28,217,6076.00,2019-11-25 16:17:11.765165
1114,2019112501004079,MBL,49,25,100,217,21700.00,2019-11-25 16:17:11.765165
1115,2019112501004080,MBL,49,46,1000,217,217000.00,2019-11-25 16:17:11.765165
1116,2019112501004081,RHPL,59,29,10,163,1630.00,2019-11-25 16:17:11.765165
1117,2019112501004082,RHPL,59,39,990,164,162360.00,2019-11-25 16:17:11.765165
1118,2019112501004006,SJCL,32,38,20,154,3080.00,2019-11-25 16:17:11.765165
1119,2019112501004007,DDBL,49,4,500,719,359500.00,2019-11-25 16:17:11.765165
1120,2019112501004008,NUBL,44,47,1000,877,877000.00,2019-11-25 16:17:11.765165
1121,2019112501004009,NLIC,55,16,50,788,39400.00,2019-11-25 16:17:11.765165
1122,2019112501004010,SJCL,4,55,20,155,3100.00,2019-11-25 16:17:11.765165
1123,2019112501004011,SJCL,4,41,20,155,3100.00,2019-11-25 16:17:11.765165
1124,2019112501004012,SJCL,4,21,130,155,20150.00,2019-11-25 16:17:11.765165
1125,2019112501004013,RHPL,29,29,30,163,4890.00,2019-11-25 16:17:11.765165
1126,2019112501004014,RHPL,46,38,40,162,6480.00,2019-11-25 16:17:11.765165
1127,2019112501004015,SLBBL,20,58,350,619,216650.00,2019-11-25 16:17:11.765165
1128,2019112501004016,SLBBL,20,58,464,620,287680.00,2019-11-25 16:17:11.765165
1129,2019112501004017,GMFIL,45,52,62,114,7068.00,2019-11-25 16:17:11.765165
1130,2019112501004018,PFL,1,40,13,133,1729.00,2019-11-25 16:17:11.765165
1131,2019112501004019,RHPL,46,38,40,162,6480.00,2019-11-25 16:17:11.765165
1132,2019112501004020,RHPL,46,40,10,162,1620.00,2019-11-25 16:17:11.765165
1133,2019112501004021,RHPL,46,47,40,162,6480.00,2019-11-25 16:17:11.765165
1134,2019112501004022,NGPL,45,17,10,109,1090.00,2019-11-25 16:17:11.765165
1135,2019112501004023,SJCL,4,47,20,155,3100.00,2019-11-25 16:17:11.765165
1136,2019112501004024,SJCL,4,38,20,155,3100.00,2019-11-25 16:17:11.765165
1137,2019112501004025,NLBBL,37,6,18,497,8946.00,2019-11-25 16:17:11.765165
1138,2019112501004026,PRIN,49,44,765,300,229500.00,2019-11-25 16:17:11.765165
1139,2019112501004027,NMB,33,1,506,380,192280.00,2019-11-25 16:17:11.765165
1140,2019112501004028,NMB,33,39,294,380,111720.00,2019-11-25 16:17:11.765165
1141,2019112501004029,NABIL,4,8,200,731,146200.00,2019-11-25 16:17:11.765165
1142,2019112501004030,RSDC,44,40,26,275,7150.00,2019-11-25 16:17:11.765165
1143,2019112501004031,RSDC,52,40,37,275,10175.00,2019-11-25 16:17:11.765165
1144,2019112501004032,SJCL,4,47,20,155,3100.00,2019-11-25 16:17:11.765165
1145,2019112501004033,PRVU,46,26,205,223,45715.00,2019-11-25 16:17:11.765165
1146,2019112501004034,PRVU,46,38,400,223,89200.00,2019-11-25 16:17:11.765165
1147,2019112501004035,PRVU,46,28,395,223,88085.00,2019-11-25 16:17:11.765165
1148,2019112501004036,NMB,44,39,200,380,76000.00,2019-11-25 16:17:11.765165
1149,2019112501004037,SCB,40,45,100,526,52600.00,2019-11-25 16:17:11.765165
1150,2019112501004038,AKBSL,58,44,10,420,4200.00,2019-11-25 16:17:11.765165
1151,2019112501004039,RHPL,46,47,50,162,8100.00,2019-11-25 16:17:11.765165
1152,2019112501004040,ALBSL,46,38,10,385,3850.00,2019-11-25 16:17:11.765165
1153,2019112501004041,NBB,45,14,30,200,6000.00,2019-11-25 16:17:11.765165
1154,2019112501004042,GGBSL,37,47,10,635,6350.00,2019-11-25 16:17:11.765165
1155,2019112501004043,GGBSL,37,34,30,639,19170.00,2019-11-25 16:17:11.765165
1156,2019112501004044,GGBSL,37,17,20,639,12780.00,2019-11-25 16:17:11.765165
1157,2019112501004045,GGBSL,37,38,10,640,6400.00,2019-11-25 16:17:11.765165
1158,2019112501004046,GGBSL,37,51,30,640,19200.00,2019-11-25 16:17:11.765165
1159,2019112501004047,SCB,28,40,20,524,10480.00,2019-11-25 16:17:11.765165
1160,2019112501004048,BPCL,16,39,33,345,11385.00,2019-11-25 16:17:11.765165
1161,2019112501003971,RHPL,33,47,50,162,8100.00,2019-11-25 16:17:11.765165
1162,2019112501003972,MBL,50,38,1000,216,216000.00,2019-11-25 16:17:11.765165
1163,2019112501003973,MBL,50,34,70,216,15120.00,2019-11-25 16:17:11.765165
1164,2019112501003974,MBL,50,47,300,216,64800.00,2019-11-25 16:17:11.765165
1165,2019112501003975,MBL,50,51,500,216,108000.00,2019-11-25 16:17:11.765165
1166,2019112501003976,KSBBL,21,56,75,134,10050.00,2019-11-25 16:17:11.765165
1167,2019112501003977,NBB,36,14,423,199,84177.00,2019-11-25 16:17:11.765165
1168,2019112501003978,NBB,32,14,77,199,15323.00,2019-11-25 16:17:11.765165
1169,2019112501003979,RHPL,33,47,40,162,6480.00,2019-11-25 16:17:11.765165
1170,2019112501003980,SJCL,32,38,20,154,3080.00,2019-11-25 16:17:11.765165
1171,2019112501003981,NBL,34,17,200,315,63000.00,2019-11-25 16:17:11.765165
1172,2019112501003982,NBL,11,17,50,315,15750.00,2019-11-25 16:17:11.765165
1173,2019112501003983,NBL,44,17,1250,315,393750.00,2019-11-25 16:17:11.765165
1174,2019112501003984,SJCL,32,47,20,154,3080.00,2019-11-25 16:17:11.765165
1175,2019112501003985,FOWAD,45,1,10,1309,13090.00,2019-11-25 16:17:11.765165
1176,2019112501003986,GGBSL,29,13,10,635,6350.00,2019-11-25 16:17:11.765165
1177,2019112501003987,GGBSL,29,36,10,635,6350.00,2019-11-25 16:17:11.765165
1178,2019112501003988,GGBSL,29,25,10,635,6350.00,2019-11-25 16:17:11.765165
1179,2019112501003989,GGBSL,29,43,10,635,6350.00,2019-11-25 16:17:11.765165
1180,2019112501003990,GGBSL,29,43,10,635,6350.00,2019-11-25 16:17:11.765165
1181,2019112501003991,UPPER,39,38,50,224,11200.00,2019-11-25 16:17:11.765165
1182,2019112501003992,AKJCL,43,38,20,56,1120.00,2019-11-25 16:17:11.765165
1183,2019112501003993,SJCL,32,47,20,154,3080.00,2019-11-25 16:17:11.765165
1184,2019112501003994,ADBL,35,39,100,408,40800.00,2019-11-25 16:17:11.765165
1185,2019112501003995,RHPL,33,17,30,162,4860.00,2019-11-25 16:17:11.765165
1186,2019112501003996,RHPL,33,38,40,162,6480.00,2019-11-25 16:17:11.765165
1187,2019112501003997,NTC,8,35,10,624,6240.00,2019-11-25 16:17:11.765165
1188,2019112501003998,RHPL,33,47,30,162,4860.00,2019-11-25 16:17:11.765165
1189,2019112501003999,RHPL,46,47,20,162,3240.00,2019-11-25 16:17:11.765165
1190,2019112501004000,SJCL,32,17,20,154,3080.00,2019-11-25 16:17:11.765165
1191,2019112501004001,SJCL,32,38,20,154,3080.00,2019-11-25 16:17:11.765165
1192,2019112501004002,RHPL,29,48,10,163,1630.00,2019-11-25 16:17:11.765165
1193,2019112501004003,ALBSL,40,38,10,386,3860.00,2019-11-25 16:17:11.765165
1194,2019112501004004,PIC,22,40,11,341,3751.00,2019-11-25 16:17:11.765165
1195,2019112501004005,AKJCL,43,38,10,56,560.00,2019-11-25 16:17:11.765165
1196,2019112501003943,SJCL,32,47,20,154,3080.00,2019-11-25 16:17:11.765165
1197,2019112501003944,RHPC,21,42,16,70,1120.00,2019-11-25 16:17:11.765165
1198,2019112501003945,SPARS,38,38,10,506,5060.00,2019-11-25 16:17:11.765165
1199,2019112501003946,RHPL,34,47,40,162,6480.00,2019-11-25 16:17:11.765165
1200,2019112501003947,UPPER,39,38,50,224,11200.00,2019-11-25 16:17:11.765165
1201,2019112501003948,RHPL,34,47,40,162,6480.00,2019-11-25 16:17:11.765165
1202,2019112501003949,SJCL,32,47,20,154,3080.00,2019-11-25 16:17:11.765165
1203,2019112501003950,SJCL,32,38,20,154,3080.00,2019-11-25 16:17:11.765165
1204,2019112501003951,SHPC,16,34,19,179,3401.00,2019-11-25 16:17:11.765165
1205,2019112501003952,MEGA,58,40,56,180,10080.00,2019-11-25 16:17:11.765165
1206,2019112501003953,RHPL,34,38,40,162,6480.00,2019-11-25 16:17:11.765165
1207,2019112501003954,KBL,22,1,700,179,125300.00,2019-11-25 16:17:11.765165
1208,2019112501003955,NTC,51,19,50,620,31000.00,2019-11-25 16:17:11.765165
1209,2019112501003956,PMHPL,54,38,10,76,760.00,2019-11-25 16:17:11.765165
1210,2019112501003957,PMHPL,54,38,10,76,760.00,2019-11-25 16:17:11.765165
1211,2019112501003958,UPPER,22,59,491,225,110475.00,2019-11-25 16:17:11.765165
1212,2019112501003959,UPPER,22,45,50,225,11250.00,2019-11-25 16:17:11.765165
1213,2019112501003960,UPPER,22,45,50,225,11250.00,2019-11-25 16:17:11.765165
1214,2019112501003961,UPPER,22,7,50,225,11250.00,2019-11-25 16:17:11.765165
1215,2019112501003962,UPPER,22,57,40,226,9040.00,2019-11-25 16:17:11.765165
1216,2019112501003963,UPPER,22,25,52,226,11752.00,2019-11-25 16:17:11.765165
1217,2019112501003964,UPPER,22,39,70,226,15820.00,2019-11-25 16:17:11.765165
1218,2019112501003965,UPPER,22,22,1137,226,256962.00,2019-11-25 16:17:11.765165
1219,2019112501003966,SJCL,32,47,20,154,3080.00,2019-11-25 16:17:11.765165
1220,2019112501003967,RHPL,34,38,30,162,4860.00,2019-11-25 16:17:11.765165
1221,2019112501003968,RHPL,33,38,10,162,1620.00,2019-11-25 16:17:11.765165
1222,2019112501003969,NLIC,6,40,22,785,17270.00,2019-11-25 16:17:11.765165
1223,2019112501003970,PIC,22,38,11,341,3751.00,2019-11-25 16:17:11.765165
1224,2019112501003913,NBL,10,52,785,316,248060.00,2019-11-25 16:17:11.765165
1225,2019112501003914,NBL,10,52,215,316,67940.00,2019-11-25 16:17:11.765165
1226,2019112501003915,SJCL,32,40,20,154,3080.00,2019-11-25 16:17:11.765165
1227,2019112501003916,NCCB,16,50,160,198,31680.00,2019-11-25 16:17:11.765165
1228,2019112501003917,SAPDBL,44,17,123,118,14514.00,2019-11-25 16:17:11.765165
1229,2019112501003918,SANIMA,25,38,240,302,72480.00,2019-11-25 16:17:11.765165
1230,2019112501003919,SANIMA,25,25,100,302,30200.00,2019-11-25 16:17:11.765165
1231,2019112501003920,AKJCL,43,38,20,56,1120.00,2019-11-25 16:17:11.765165
1232,2019112501003921,NMB,29,22,33,379,12507.00,2019-11-25 16:17:11.765165
1233,2019112501003922,SJCL,32,17,20,154,3080.00,2019-11-25 16:17:11.765165
1234,2019112501003923,NIL,45,46,190,376,71440.00,2019-11-25 16:17:11.765165
1235,2019112501003924,CCBL,38,38,2,155,310.00,2019-11-25 16:17:11.765165
1236,2019112501003925,GLBSL,52,38,10,374,3740.00,2019-11-25 16:17:11.765165
1237,2019112501003926,SLBSL,55,55,80,682,54560.00,2019-11-25 16:17:11.765165
1238,2019112501003927,CZBIL,17,39,10,181,1810.00,2019-11-25 16:17:11.765165
1239,2019112501003928,PMHPL,54,38,10,76,760.00,2019-11-25 16:17:11.765165
1240,2019112501003929,ILBS,57,38,10,463,4630.00,2019-11-25 16:17:11.765165
1241,2019112501003930,RHPL,58,38,40,163,6520.00,2019-11-25 16:17:11.765165
1242,2019112501003931,RHPL,58,38,40,163,6520.00,2019-11-25 16:17:11.765165
1243,2019112501003932,GBBL,53,14,100,222,22200.00,2019-11-25 16:17:11.765165
1244,2019112501003933,SJCL,32,38,20,154,3080.00,2019-11-25 16:17:11.765165
1245,2019112501003934,SCB,11,32,410,525,215250.00,2019-11-25 16:17:11.765165
1246,2019112501003935,NICL,37,37,100,245,24500.00,2019-11-25 16:17:11.765165
1247,2019112501003936,NICL,37,22,300,245,73500.00,2019-11-25 16:17:11.765165
1248,2019112501003937,NICL,37,34,100,246,24600.00,2019-11-25 16:17:11.765165
1249,2019112501003938,RHPL,58,48,70,163,11410.00,2019-11-25 16:17:11.765165
1250,2019112501003939,RHPL,42,48,20,163,3260.00,2019-11-25 16:17:11.765165
1251,2019112501003940,UPPER,39,38,50,224,11200.00,2019-11-25 16:17:11.765165
1252,2019112501003941,SJCL,32,38,20,154,3080.00,2019-11-25 16:17:11.765165
1253,2019112501003942,GGBSL,49,39,10,634,6340.00,2019-11-25 16:17:11.765165
1254,2019112501003876,SJCL,44,38,20,153,3060.00,2019-11-25 16:17:11.765165
1255,2019112501003877,ALBSL,46,38,10,385,3850.00,2019-11-25 16:17:11.765165
1256,2019112501003878,HDL,33,47,30,1745,52350.00,2019-11-25 16:17:11.765165
1257,2019112501003879,RBCL,18,16,40,8000,320000.00,2019-11-25 16:17:11.765165
1258,2019112501003880,UPPER,39,38,50,224,11200.00,2019-11-25 16:17:11.765165
1259,2019112501003881,RMDC,10,17,50,575,28750.00,2019-11-25 16:17:11.765165
1260,2019112501003882,CBL,33,35,1432,135,193320.00,2019-11-25 16:17:11.765165
1261,2019112501003883,DDBL,49,4,25,718,17950.00,2019-11-25 16:17:11.765165
1262,2019112501003884,DDBL,49,4,426,718,305868.00,2019-11-25 16:17:11.765165
1263,2019112501003885,PRVU,32,47,135,223,30105.00,2019-11-25 16:17:11.765165
1264,2019112501003886,PRVU,32,40,200,223,44600.00,2019-11-25 16:17:11.765165
1265,2019112501003887,PRVU,32,26,165,223,36795.00,2019-11-25 16:17:11.765165
1266,2019112501003888,GRDBL,1,52,375,100,37500.00,2019-11-25 16:17:11.765165
1267,2019112501003889,GRDBL,21,52,65,100,6500.00,2019-11-25 16:17:11.765165
1268,2019112501003890,PMHPL,54,38,10,77,770.00,2019-11-25 16:17:11.765165
1269,2019112501003891,SHIVM,19,4,500,400,200000.00,2019-11-25 16:17:11.765165
1270,2019112501003892,UPPER,39,38,50,224,11200.00,2019-11-25 16:17:11.765165
1271,2019112501003893,RSDC,44,17,20,275,5500.00,2019-11-25 16:17:11.765165
1272,2019112501003894,SLBSL,19,45,30,688,20640.00,2019-11-25 16:17:11.765165
1273,2019112501003895,HDL,33,21,100,1750,175000.00,2019-11-25 16:17:11.765165
1274,2019112501003896,RHPL,58,38,40,163,6520.00,2019-11-25 16:17:11.765165
1275,2019112501003897,SJCL,44,38,20,153,3060.00,2019-11-25 16:17:11.765165
1276,2019112501003898,SCB,35,50,10,525,5250.00,2019-11-25 16:17:11.765165
1277,2019112501003899,SCB,22,50,100,525,52500.00,2019-11-25 16:17:11.765165
1278,2019112501003900,SCB,17,50,200,525,105000.00,2019-11-25 16:17:11.765165
1279,2019112501003901,SCB,11,50,90,525,47250.00,2019-11-25 16:17:11.765165
1280,2019112501003902,AKBSL,58,40,10,420,4200.00,2019-11-25 16:17:11.765165
1281,2019112501003903,GGBSL,49,21,10,634,6340.00,2019-11-25 16:17:11.765165
1282,2019112501003904,SJCL,44,38,20,153,3060.00,2019-11-25 16:17:11.765165
1283,2019112501003905,RHPL,58,38,40,163,6520.00,2019-11-25 16:17:11.765165
1284,2019112501003906,NLIC,6,39,22,785,17270.00,2019-11-25 16:17:11.765165
1285,2019112501003907,SABSL,44,17,10,463,4630.00,2019-11-25 16:17:11.765165
1286,2019112501003908,PMHPL,54,38,10,77,770.00,2019-11-25 16:17:11.765165
1287,2019112501003909,RHPL,58,40,40,163,6520.00,2019-11-25 16:17:11.765165
1288,2019112501003910,SANIMA,1,38,400,302,120800.00,2019-11-25 16:17:11.765165
1289,2019112501003911,NABIL,48,6,50,730,36500.00,2019-11-25 16:17:11.765165
1290,2019112501003912,NABIL,11,6,450,730,328500.00,2019-11-25 16:17:11.765165
1291,2019112501003836,SJCL,44,38,20,153,3060.00,2019-11-25 16:17:11.765165
1292,2019112501003837,SHL,57,48,250,209,52250.00,2019-11-25 16:17:11.765165
1293,2019112501003838,SJCL,44,47,20,153,3060.00,2019-11-25 16:17:11.765165
1294,2019112501003839,RHPL,58,38,50,163,8150.00,2019-11-25 16:17:11.765165
1295,2019112501003840,SCB,45,47,70,526,36820.00,2019-11-25 16:17:11.765165
1296,2019112501003841,GGBSL,49,21,10,634,6340.00,2019-11-25 16:17:11.765165
1297,2019112501003842,GGBSL,49,21,10,634,6340.00,2019-11-25 16:17:11.765165
1298,2019112501003843,RHPL,58,38,40,163,6520.00,2019-11-25 16:17:11.765165
1299,2019112501003844,PMHPL,54,38,10,77,770.00,2019-11-25 16:17:11.765165
1300,2019112501003845,RHPL,58,47,40,163,6520.00,2019-11-25 16:17:11.765165
1301,2019112501003846,AKJCL,42,17,20,57,1140.00,2019-11-25 16:17:11.765165
1302,2019112501003847,CLBSL,7,17,11,441,4851.00,2019-11-25 16:17:11.765165
1303,2019112501003848,GBBL,34,16,920,221,203320.00,2019-11-25 16:17:11.765165
1304,2019112501003849,SJCL,55,37,10,154,1540.00,2019-11-25 16:17:11.765165
1305,2019112501003850,SJCL,55,37,20,154,3080.00,2019-11-25 16:17:11.765165
1306,2019112501003851,SJCL,55,37,20,154,3080.00,2019-11-25 16:17:11.765165
1307,2019112501003852,GGBSL,49,21,10,634,6340.00,2019-11-25 16:17:11.765165
1308,2019112501003853,AKBSL,58,38,10,420,4200.00,2019-11-25 16:17:11.765165
1309,2019112501003854,SJCL,44,38,20,153,3060.00,2019-11-25 16:17:11.765165
1310,2019112501003855,RHPL,58,50,40,163,6520.00,2019-11-25 16:17:11.765165
1311,2019112501003856,KPCL,19,38,10,80,800.00,2019-11-25 16:17:11.765165
1312,2019112501003857,NNLB,58,17,42,456,19152.00,2019-11-25 16:17:11.765165
1313,2019112501003858,CBL,33,35,79,135,10665.00,2019-11-25 16:17:11.765165
1314,2019112501003859,HDL,33,32,10,1738,17380.00,2019-11-25 16:17:11.765165
1315,2019112501003860,NMB,22,39,68,380,25840.00,2019-11-25 16:17:11.765165
1316,2019112501003861,RHPL,58,38,40,163,6520.00,2019-11-25 16:17:11.765165
1317,2019112501003862,UPPER,39,38,50,224,11200.00,2019-11-25 16:17:11.765165
1318,2019112501003863,SBI,28,8,50,375,18750.00,2019-11-25 16:17:11.765165
1319,2019112501003864,SBI,45,8,30,375,11250.00,2019-11-25 16:17:11.765165
1320,2019112501003865,SBI,3,8,50,375,18750.00,2019-11-25 16:17:11.765165
1321,2019112501003866,SBI,45,8,20,375,7500.00,2019-11-25 16:17:11.765165
1322,2019112501003867,SBI,42,8,100,375,37500.00,2019-11-25 16:17:11.765165
1323,2019112501003868,SBI,32,8,46,375,17250.00,2019-11-25 16:17:11.765165
1324,2019112501003869,SBI,5,8,200,374,74800.00,2019-11-25 16:17:11.765165
1325,2019112501003870,SBI,8,8,250,374,93500.00,2019-11-25 16:17:11.765165
1326,2019112501003871,SBI,8,8,500,372,186000.00,2019-11-25 16:17:11.765165
1327,2019112501003872,SLBBL,34,52,25,619,15475.00,2019-11-25 16:17:11.765165
1328,2019112501003873,SLBBL,34,45,50,619,30950.00,2019-11-25 16:17:11.765165
1329,2019112501003874,RRHP,6,38,10,98,980.00,2019-11-25 16:17:11.765165
1330,2019112501003875,RHPL,58,17,30,163,4890.00,2019-11-25 16:17:11.765165
