S.N,Contract_No,Stock_Symbol,Buyer_Broker,Seller_Broker,Quantity,Rate,Amount,Date
1,2019100201002742,SBI,19,44,17,408,6936.00,2019-10-02 16:32:25.951857
2,2019100201002743,SICL,21,58,19,712,13528.00,2019-10-02 16:32:25.951857
3,2019100201002744,SICL,28,58,30,711,21330.00,2019-10-02 16:32:25.951857
4,2019100201002745,SICL,52,58,20,710,14200.00,2019-10-02 16:32:25.951857
5,2019100201002746,SICL,56,58,50,710,35500.00,2019-10-02 16:32:25.951857
6,2019100201002747,SICL,42,58,20,710,14200.00,2019-10-02 16:32:25.951857
7,2019100201002748,SICL,32,58,50,710,35500.00,2019-10-02 16:32:25.951857
8,2019100201002749,SICL,41,58,20,710,14200.00,2019-10-02 16:32:25.951857
9,2019100201002750,SICL,8,58,21,708,14868.00,2019-10-02 16:32:25.951857
10,2019100201002751,SBL,11,57,302,331,99962.00,2019-10-02 16:32:25.951857
11,2019100201002752,SBL,59,57,500,331,165500.00,2019-10-02 16:32:25.951857
12,2019100201002753,SBL,44,57,198,331,65538.00,2019-10-02 16:32:25.951857
13,2019100201002754,SLBSL,54,38,10,675,6750.00,2019-10-02 16:32:25.951857
14,2019100201002755,RMDC,11,25,86,610,52460.00,2019-10-02 16:32:25.951857
15,2019100201002756,LGIL,35,37,78,346,26988.00,2019-10-02 16:32:25.951857
16,2019100201002757,LGIL,29,37,282,346,97572.00,2019-10-02 16:32:25.951857
17,2019100201002758,PRVU,46,45,100,262,26200.00,2019-10-02 16:32:25.951857
18,2019100201002759,BPCL,57,16,100,358,35800.00,2019-10-02 16:32:25.951857
19,2019100201002760,BPCL,41,16,159,357,56763.00,2019-10-02 16:32:25.951857
20,2019100201002761,BPCL,35,16,20,357,7140.00,2019-10-02 16:32:25.951857
21,2019100201002762,BPCL,38,16,100,357,35700.00,2019-10-02 16:32:25.951857
22,2019100201002763,BPCL,25,16,20,357,7140.00,2019-10-02 16:32:25.951857
23,2019100201002764,BPCL,16,16,100,356,35600.00,2019-10-02 16:32:25.951857
24,2019100201002765,BPCL,3,16,50,355,17750.00,2019-10-02 16:32:25.951857
25,2019100201002766,BPCL,58,16,50,355,17750.00,2019-10-02 16:32:25.951857
26,2019100201002767,BPCL,38,16,442,355,156910.00,2019-10-02 16:32:25.951857
27,2019100201002768,CZBIL,6,50,170,195,33150.00,2019-10-02 16:32:25.951857
28,2019100201002769,CZBIL,6,1,200,195,39000.00,2019-10-02 16:32:25.951857
29,2019100201002770,JFL,57,32,200,195,39000.00,2019-10-02 16:32:25.951857
30,2019100201002771,SLBBL,34,37,10,541,5410.00,2019-10-02 16:32:25.951857
31,2019100201002772,RHPL,43,17,30,158,4740.00,2019-10-02 16:32:25.951857
32,2019100201002773,PIC,8,6,10,373,3730.00,2019-10-02 16:32:25.951857
33,2019100201002774,EBL,56,44,390,572,223080.00,2019-10-02 16:32:25.951857
34,2019100201002775,CZBIL,6,25,130,196,25480.00,2019-10-02 16:32:25.951857
35,2019100201002776,SHIVM,10,14,40,509,20360.00,2019-10-02 16:32:25.951857
36,2019100201002777,SHIVM,32,14,60,509,30540.00,2019-10-02 16:32:25.951857
37,2019100201002778,HIDCL,32,57,209,135,28215.00,2019-10-02 16:32:25.951857
38,2019100201002779,GUFL,3,52,20,110,2200.00,2019-10-02 16:32:25.951857
39,2019100201002780,SHIVM,32,46,240,509,122160.00,2019-10-02 16:32:25.951857
40,2019100201002781,SHIVM,35,46,20,509,10180.00,2019-10-02 16:32:25.951857
41,2019100201002782,SHIVM,44,46,105,509,53445.00,2019-10-02 16:32:25.951857
42,2019100201002783,NIL,32,37,42,360,15120.00,2019-10-02 16:32:25.951857
43,2019100201002784,SJCL,46,17,20,167,3340.00,2019-10-02 16:32:25.951857
44,2019100201002785,SBI,19,57,133,408,54264.00,2019-10-02 16:32:25.951857
45,2019100201002786,SCB,42,16,17,571,9707.00,2019-10-02 16:32:25.951857
46,2019100201002787,SCB,46,16,50,571,28550.00,2019-10-02 16:32:25.951857
47,2019100201002788,SCB,5,16,60,571,34260.00,2019-10-02 16:32:25.951857
48,2019100201002789,GLICL,5,22,66,365,24090.00,2019-10-02 16:32:25.951857
49,2019100201002790,ALBSL,42,6,50,384,19200.00,2019-10-02 16:32:25.951857
50,2019100201002791,TRH,14,17,140,288,40320.00,2019-10-02 16:32:25.951857
51,2019100201002792,SJCL,10,35,10,169,1690.00,2019-10-02 16:32:25.951857
52,2019100201002793,HDL,26,58,50,1465,73250.00,2019-10-02 16:32:25.951857
53,2019100201002794,RHPC,49,34,31,83,2573.00,2019-10-02 16:32:25.951857
54,2019100201002795,BOKL,35,13,126,260,32760.00,2019-10-02 16:32:25.951857
55,2019100201002796,BOKL,13,13,100,260,26000.00,2019-10-02 16:32:25.951857
56,2019100201002797,BOKL,57,13,774,260,201240.00,2019-10-02 16:32:25.951857
57,2019100201002798,NICA,46,55,16,384,6144.00,2019-10-02 16:32:25.951857
58,2019100201002799,RHPL,43,17,30,158,4740.00,2019-10-02 16:32:25.951857
59,2019100201002800,NBL,33,45,244,314,76616.00,2019-10-02 16:32:25.951857
60,2019100201002801,NBL,33,28,16,315,5040.00,2019-10-02 16:32:25.951857
61,2019100201002802,PRVU,36,36,26,263,6838.00,2019-10-02 16:32:25.951857
62,2019100201002693,BOKL,48,6,1050,261,274050.00,2019-10-02 16:32:25.951857
63,2019100201002694,BOKL,48,52,47,261,12267.00,2019-10-02 16:32:25.951857
64,2019100201002695,BOKL,48,56,150,262,39300.00,2019-10-02 16:32:25.951857
65,2019100201002696,BOKL,48,51,303,262,79386.00,2019-10-02 16:32:25.951857
66,2019100201002697,DDBL,49,28,21,715,15015.00,2019-10-02 16:32:25.951857
67,2019100201002698,DDBL,49,28,3000,715,2145000.00,2019-10-02 16:32:25.951857
68,2019100201002699,RHPL,43,17,30,158,4740.00,2019-10-02 16:32:25.951857
69,2019100201002700,MEGA,49,36,200,193,38600.00,2019-10-02 16:32:25.951857
70,2019100201002701,SHIVM,51,57,40,509,20360.00,2019-10-02 16:32:25.951857
71,2019100201002702,SHIVM,10,57,60,509,30540.00,2019-10-02 16:32:25.951857
72,2019100201002703,RHPL,43,16,120,158,18960.00,2019-10-02 16:32:25.951857
73,2019100201002704,BPCL,33,16,10,360,3600.00,2019-10-02 16:32:25.951857
74,2019100201002705,NCCB,40,33,138,198,27324.00,2019-10-02 16:32:25.951857
75,2019100201002706,NCCB,40,55,400,198,79200.00,2019-10-02 16:32:25.951857
76,2019100201002707,NCCB,40,48,150,198,29700.00,2019-10-02 16:32:25.951857
77,2019100201002708,NLICL,43,59,10,472,4720.00,2019-10-02 16:32:25.951857
78,2019100201002709,SHPC,48,25,102,192,19584.00,2019-10-02 16:32:25.951857
79,2019100201002710,SHPC,51,25,48,192,9216.00,2019-10-02 16:32:25.951857
80,2019100201002711,SHPC,48,34,20,195,3900.00,2019-10-02 16:32:25.951857
81,2019100201002712,SJCL,46,17,10,167,1670.00,2019-10-02 16:32:25.951857
82,2019100201002713,GRDBL,33,6,150,104,15600.00,2019-10-02 16:32:25.951857
83,2019100201002714,GBLBS,14,37,300,319,95700.00,2019-10-02 16:32:25.951857
84,2019100201002715,SHIVM,17,46,200,510,102000.00,2019-10-02 16:32:25.951857
85,2019100201002716,HIDCL,32,50,200,134,26800.00,2019-10-02 16:32:25.951857
86,2019100201002717,UPPER,33,56,10,236,2360.00,2019-10-02 16:32:25.951857
87,2019100201002718,PRVU,44,18,100,262,26200.00,2019-10-02 16:32:25.951857
88,2019100201002719,PRVU,41,18,100,262,26200.00,2019-10-02 16:32:25.951857
89,2019100201002720,PRVU,14,18,700,262,183400.00,2019-10-02 16:32:25.951857
90,2019100201002721,PRVU,33,18,500,262,131000.00,2019-10-02 16:32:25.951857
91,2019100201002722,PRVU,3,18,100,262,26200.00,2019-10-02 16:32:25.951857
92,2019100201002723,KBL,10,22,25,179,4475.00,2019-10-02 16:32:25.951857
93,2019100201002724,RHPL,43,17,30,158,4740.00,2019-10-02 16:32:25.951857
94,2019100201002725,ICFC,44,37,100,158,15800.00,2019-10-02 16:32:25.951857
95,2019100201002726,SHIVM,39,46,10,510,5100.00,2019-10-02 16:32:25.951857
96,2019100201002727,NIB,35,16,50,441,22050.00,2019-10-02 16:32:25.951857
97,2019100201002728,NIB,1,16,46,440,20240.00,2019-10-02 16:32:25.951857
98,2019100201002729,NIB,42,16,10,440,4400.00,2019-10-02 16:32:25.951857
99,2019100201002730,NIB,40,16,200,438,87600.00,2019-10-02 16:32:25.951857
100,2019100201002731,NIB,58,16,20,437,8740.00,2019-10-02 16:32:25.951857
101,2019100201002732,NIB,42,16,50,437,21850.00,2019-10-02 16:32:25.951857
102,2019100201002733,MEGA,28,34,590,194,114460.00,2019-10-02 16:32:25.951857
103,2019100201002734,MEGA,28,49,100,194,19400.00,2019-10-02 16:32:25.951857
104,2019100201002735,MEGA,28,57,710,194,137740.00,2019-10-02 16:32:25.951857
105,2019100201002736,SBI,19,49,150,408,61200.00,2019-10-02 16:32:25.951857
106,2019100201002737,NBL,29,45,50,314,15700.00,2019-10-02 16:32:25.951857
107,2019100201002738,SJCL,46,17,20,167,3340.00,2019-10-02 16:32:25.951857
108,2019100201002739,UNHPL,6,14,50,56,2800.00,2019-10-02 16:32:25.951857
109,2019100201002740,DDBL,34,43,10,724,7240.00,2019-10-02 16:32:25.951857
110,2019100201002741,NLICL,42,59,50,472,23600.00,2019-10-02 16:32:25.951857
111,2019100201002627,BOKL,21,26,10,261,2610.00,2019-10-02 16:32:25.951857
112,2019100201002628,PIC,58,39,10,370,3700.00,2019-10-02 16:32:25.951857
113,2019100201002629,PIC,21,39,100,369,36900.00,2019-10-02 16:32:25.951857
114,2019100201002630,PIC,39,39,330,369,121770.00,2019-10-02 16:32:25.951857
115,2019100201002631,PIC,6,39,50,368,18400.00,2019-10-02 16:32:25.951857
116,2019100201002632,PIC,55,39,200,368,73600.00,2019-10-02 16:32:25.951857
117,2019100201002633,PIC,42,39,50,368,18400.00,2019-10-02 16:32:25.951857
118,2019100201002634,PIC,59,39,60,367,22020.00,2019-10-02 16:32:25.951857
119,2019100201002635,PIC,42,39,10,367,3670.00,2019-10-02 16:32:25.951857
120,2019100201002636,PIC,8,39,256,367,93952.00,2019-10-02 16:32:25.951857
121,2019100201002637,BOKL,34,26,558,261,145638.00,2019-10-02 16:32:25.951857
122,2019100201002638,BOKL,34,13,856,261,223416.00,2019-10-02 16:32:25.951857
123,2019100201002639,BOKL,34,1,500,261,130500.00,2019-10-02 16:32:25.951857
124,2019100201002640,BOKL,34,17,200,261,52200.00,2019-10-02 16:32:25.951857
125,2019100201002641,BOKL,34,53,100,261,26100.00,2019-10-02 16:32:25.951857
126,2019100201002642,BOKL,34,25,50,261,13050.00,2019-10-02 16:32:25.951857
127,2019100201002643,BOKL,34,6,500,261,130500.00,2019-10-02 16:32:25.951857
128,2019100201002644,BOKL,34,25,1338,261,349218.00,2019-10-02 16:32:25.951857
129,2019100201002645,BOKL,34,37,238,261,62118.00,2019-10-02 16:32:25.951857
130,2019100201002646,BOKL,34,37,100,261,26100.00,2019-10-02 16:32:25.951857
131,2019100201002647,BOKL,34,19,460,261,120060.00,2019-10-02 16:32:25.951857
132,2019100201002648,IGI,14,11,300,295,88500.00,2019-10-02 16:32:25.951857
133,2019100201002649,IGI,48,11,30,294,8820.00,2019-10-02 16:32:25.951857
134,2019100201002650,IGI,45,11,100,294,29400.00,2019-10-02 16:32:25.951857
135,2019100201002651,NGPL,46,16,100,99,9900.00,2019-10-02 16:32:25.951857
136,2019100201002652,NGPL,39,16,189,98,18522.00,2019-10-02 16:32:25.951857
137,2019100201002653,NGPL,44,16,1000,98,98000.00,2019-10-02 16:32:25.951857
138,2019100201002654,NGPL,47,16,713,98,69874.00,2019-10-02 16:32:25.951857
139,2019100201002655,DDBL,49,28,729,715,521235.00,2019-10-02 16:32:25.951857
140,2019100201002656,RHPL,43,17,30,158,4740.00,2019-10-02 16:32:25.951857
141,2019100201002657,BOKL,34,6,10,261,2610.00,2019-10-02 16:32:25.951857
142,2019100201002658,NLBBL,41,37,205,494,101270.00,2019-10-02 16:32:25.951857
143,2019100201002659,OHL,18,1,10,480,4800.00,2019-10-02 16:32:25.951857
144,2019100201002660,RADHI,32,35,11,134,1474.00,2019-10-02 16:32:25.951857
145,2019100201002661,CCBL,57,34,200,154,30800.00,2019-10-02 16:32:25.951857
146,2019100201002662,CCBL,5,34,200,154,30800.00,2019-10-02 16:32:25.951857
147,2019100201002663,SCB,42,22,48,571,27408.00,2019-10-02 16:32:25.951857
148,2019100201002664,NICL,16,16,50,262,13100.00,2019-10-02 16:32:25.951857
149,2019100201002665,NICL,36,16,432,261,112752.00,2019-10-02 16:32:25.951857
150,2019100201002666,BOKL,1,53,60,261,15660.00,2019-10-02 16:32:25.951857
151,2019100201002667,BOKL,1,6,440,261,114840.00,2019-10-02 16:32:25.951857
152,2019100201002668,SJCL,46,17,20,167,3340.00,2019-10-02 16:32:25.951857
153,2019100201002669,ADBL,5,39,32,414,13248.00,2019-10-02 16:32:25.951857
154,2019100201002670,ADBL,34,39,100,414,41400.00,2019-10-02 16:32:25.951857
155,2019100201002671,ADBL,22,39,150,414,62100.00,2019-10-02 16:32:25.951857
156,2019100201002672,ADBL,44,39,100,414,41400.00,2019-10-02 16:32:25.951857
157,2019100201002673,ADBL,11,39,300,413,123900.00,2019-10-02 16:32:25.951857
158,2019100201002674,ADBL,22,39,40,413,16520.00,2019-10-02 16:32:25.951857
159,2019100201002675,ADBL,37,39,390,412,160680.00,2019-10-02 16:32:25.951857
160,2019100201002676,ADBL,10,39,30,412,12360.00,2019-10-02 16:32:25.951857
161,2019100201002677,ADBL,59,39,100,412,41200.00,2019-10-02 16:32:25.951857
162,2019100201002678,ADBL,58,39,30,412,12360.00,2019-10-02 16:32:25.951857
163,2019100201002679,ADBL,14,39,20,412,8240.00,2019-10-02 16:32:25.951857
164,2019100201002680,ADBL,47,39,100,412,41200.00,2019-10-02 16:32:25.951857
165,2019100201002681,ADBL,59,39,240,411,98640.00,2019-10-02 16:32:25.951857
166,2019100201002682,ADBL,49,39,200,411,82200.00,2019-10-02 16:32:25.951857
167,2019100201002683,ADBL,3,39,100,411,41100.00,2019-10-02 16:32:25.951857
168,2019100201002684,ADBL,35,39,18,411,7398.00,2019-10-02 16:32:25.951857
169,2019100201002685,PCBL,41,6,100,269,26900.00,2019-10-02 16:32:25.951857
170,2019100201002686,TRH,33,17,10,288,2880.00,2019-10-02 16:32:25.951857
171,2019100201002687,DDBL,49,37,100,715,71500.00,2019-10-02 16:32:25.951857
172,2019100201002688,MEGA,32,45,90,194,17460.00,2019-10-02 16:32:25.951857
173,2019100201002689,MEGA,32,52,110,194,21340.00,2019-10-02 16:32:25.951857
174,2019100201002690,RSDC,35,51,180,323,58140.00,2019-10-02 16:32:25.951857
175,2019100201002691,MEGA,43,34,10,194,1940.00,2019-10-02 16:32:25.951857
176,2019100201002692,FOWAD,29,43,50,1271,63550.00,2019-10-02 16:32:25.951857
177,2019100201002595,RHPL,52,17,30,158,4740.00,2019-10-02 16:32:25.951857
178,2019100201002596,NLIC,58,28,42,756,31752.00,2019-10-02 16:32:25.951857
179,2019100201002597,NLIC,42,28,30,756,22680.00,2019-10-02 16:32:25.951857
180,2019100201002598,NLIC,16,28,150,755,113250.00,2019-10-02 16:32:25.951857
181,2019100201002599,NLIC,45,28,10,755,7550.00,2019-10-02 16:32:25.951857
182,2019100201002600,NLIC,57,28,30,755,22650.00,2019-10-02 16:32:25.951857
183,2019100201002601,NLIC,52,28,100,755,75500.00,2019-10-02 16:32:25.951857
184,2019100201002602,NLIC,25,28,38,755,28690.00,2019-10-02 16:32:25.951857
185,2019100201002603,BOKL,57,34,200,260,52000.00,2019-10-02 16:32:25.951857
186,2019100201002604,RSDC,18,51,100,325,32500.00,2019-10-02 16:32:25.951857
187,2019100201002605,SHIVM,32,39,190,509,96710.00,2019-10-02 16:32:25.951857
188,2019100201002606,SHIVM,51,39,10,509,5090.00,2019-10-02 16:32:25.951857
189,2019100201002607,PIC,8,6,500,370,185000.00,2019-10-02 16:32:25.951857
190,2019100201002608,FMDBL,42,57,150,315,47250.00,2019-10-02 16:32:25.951857
191,2019100201002609,UPCL,39,21,10,79,790.00,2019-10-02 16:32:25.951857
192,2019100201002610,SJCL,46,17,10,167,1670.00,2019-10-02 16:32:25.951857
193,2019100201002611,CBL,8,17,2001,144,288144.00,2019-10-02 16:32:25.951857
194,2019100201002612,CBL,8,28,500,144,72000.00,2019-10-02 16:32:25.951857
195,2019100201002613,CBL,8,57,461,144,66384.00,2019-10-02 16:32:25.951857
196,2019100201002614,CBL,8,34,38,144,5472.00,2019-10-02 16:32:25.951857
197,2019100201002615,BOKL,57,18,322,260,83720.00,2019-10-02 16:32:25.951857
198,2019100201002616,BOKL,39,18,604,260,157040.00,2019-10-02 16:32:25.951857
199,2019100201002617,BOKL,35,18,74,260,19240.00,2019-10-02 16:32:25.951857
200,2019100201002618,NCCB,16,48,35,197,6895.00,2019-10-02 16:32:25.951857
201,2019100201002619,RHPL,52,4,230,158,36340.00,2019-10-02 16:32:25.951857
202,2019100201002620,RHPL,43,4,230,158,36340.00,2019-10-02 16:32:25.951857
203,2019100201002621,MERO,51,35,33,559,18447.00,2019-10-02 16:32:25.951857
204,2019100201002622,MHNL,40,6,30,79,2370.00,2019-10-02 16:32:25.951857
205,2019100201002623,NLIC,41,16,50,758,37900.00,2019-10-02 16:32:25.951857
206,2019100201002624,RHPL,43,17,30,158,4740.00,2019-10-02 16:32:25.951857
207,2019100201002625,MEGA,49,25,200,193,38600.00,2019-10-02 16:32:25.951857
208,2019100201002626,SJCL,46,17,20,167,3340.00,2019-10-02 16:32:25.951857
209,2019100201002570,PRVU,54,36,100,263,26300.00,2019-10-02 16:32:25.951857
210,2019100201002571,JFL,56,32,260,195,50700.00,2019-10-02 16:32:25.951857
211,2019100201002572,RHPL,52,17,30,158,4740.00,2019-10-02 16:32:25.951857
212,2019100201002573,SJCL,59,47,20,167,3340.00,2019-10-02 16:32:25.951857
213,2019100201002574,SHIVM,55,5,10,509,5090.00,2019-10-02 16:32:25.951857
214,2019100201002575,PCBL,14,6,100,269,26900.00,2019-10-02 16:32:25.951857
215,2019100201002576,NLBBL,53,33,88,495,43560.00,2019-10-02 16:32:25.951857
216,2019100201002577,NLBBL,34,33,80,495,39600.00,2019-10-02 16:32:25.951857
217,2019100201002578,NLBBL,41,33,67,494,33098.00,2019-10-02 16:32:25.951857
218,2019100201002579,BOKL,35,26,20,261,5220.00,2019-10-02 16:32:25.951857
219,2019100201002580,SJCL,59,17,20,167,3340.00,2019-10-02 16:32:25.951857
220,2019100201002581,MDB,42,47,100,245,24500.00,2019-10-02 16:32:25.951857
221,2019100201002582,UPPER,22,47,40,234,9360.00,2019-10-02 16:32:25.951857
222,2019100201002583,SJCL,46,4,20,167,3340.00,2019-10-02 16:32:25.951857
223,2019100201002584,SRBL,33,18,1000,233,233000.00,2019-10-02 16:32:25.951857
224,2019100201002585,SHIVM,55,5,90,509,45810.00,2019-10-02 16:32:25.951857
225,2019100201002586,SHIVM,32,5,10,509,5090.00,2019-10-02 16:32:25.951857
226,2019100201002587,ILBS,18,17,10,421,4210.00,2019-10-02 16:32:25.951857
227,2019100201002588,LICN,19,22,10,998,9980.00,2019-10-02 16:32:25.951857
228,2019100201002589,BOKL,57,41,1000,260,260000.00,2019-10-02 16:32:25.951857
229,2019100201002590,BOKL,57,50,500,260,130000.00,2019-10-02 16:32:25.951857
230,2019100201002591,RSDC,44,33,19,327,6213.00,2019-10-02 16:32:25.951857
231,2019100201002592,GFCL,13,14,100,132,13200.00,2019-10-02 16:32:25.951857
232,2019100201002593,GFCL,26,14,80,131,10480.00,2019-10-02 16:32:25.951857
233,2019100201002594,SBL,43,43,20,332,6640.00,2019-10-02 16:32:25.951857
234,2019100201002543,OHL,41,25,20,472,9440.00,2019-10-02 16:32:25.951857
235,2019100201002544,OHL,35,25,30,471,14130.00,2019-10-02 16:32:25.951857
236,2019100201002545,OHL,45,25,250,471,117750.00,2019-10-02 16:32:25.951857
237,2019100201002546,NGPL,39,17,11,98,1078.00,2019-10-02 16:32:25.951857
238,2019100201002547,API,25,16,400,113,45200.00,2019-10-02 16:32:25.951857
239,2019100201002548,API,25,35,35,114,3990.00,2019-10-02 16:32:25.951857
240,2019100201002549,SANIMA,21,28,10,307,3070.00,2019-10-02 16:32:25.951857
241,2019100201002550,NBL,14,47,400,313,125200.00,2019-10-02 16:32:25.951857
242,2019100201002551,ALBSL,45,6,10,385,3850.00,2019-10-02 16:32:25.951857
243,2019100201002552,BOKL,57,55,322,260,83720.00,2019-10-02 16:32:25.951857
244,2019100201002553,SBL,17,17,180,332,59760.00,2019-10-02 16:32:25.951857
245,2019100201002554,SBL,17,17,320,332,106240.00,2019-10-02 16:32:25.951857
246,2019100201002555,CCBL,21,22,50,154,7700.00,2019-10-02 16:32:25.951857
247,2019100201002556,CCBL,21,57,310,155,48050.00,2019-10-02 16:32:25.951857
248,2019100201002557,OHL,29,25,10,471,4710.00,2019-10-02 16:32:25.951857
249,2019100201002558,RHPL,52,17,30,158,4740.00,2019-10-02 16:32:25.951857
250,2019100201002559,CZBIL,43,6,30,194,5820.00,2019-10-02 16:32:25.951857
251,2019100201002560,RHPL,52,47,20,158,3160.00,2019-10-02 16:32:25.951857
252,2019100201002561,SJCL,59,17,20,167,3340.00,2019-10-02 16:32:25.951857
253,2019100201002562,PRVU,11,36,408,263,107304.00,2019-10-02 16:32:25.951857
254,2019100201002563,PRVU,35,36,100,263,26300.00,2019-10-02 16:32:25.951857
255,2019100201002564,SBL,19,17,200,332,66400.00,2019-10-02 16:32:25.951857
256,2019100201002565,SBL,16,17,100,332,33200.00,2019-10-02 16:32:25.951857
257,2019100201002566,SHPC,11,47,266,194,51604.00,2019-10-02 16:32:25.951857
258,2019100201002567,SHPC,48,47,100,194,19400.00,2019-10-02 16:32:25.951857
259,2019100201002568,SHPC,41,47,20,192,3840.00,2019-10-02 16:32:25.951857
260,2019100201002569,SHPC,48,47,98,192,18816.00,2019-10-02 16:32:25.951857
261,2019100201002508,BFC,52,17,100,90,9000.00,2019-10-02 16:32:25.951857
262,2019100201002509,SANIMA,18,28,78,305,23790.00,2019-10-02 16:32:25.951857
263,2019100201002510,SANIMA,42,28,200,305,61000.00,2019-10-02 16:32:25.951857
264,2019100201002511,SANIMA,14,28,550,305,167750.00,2019-10-02 16:32:25.951857
265,2019100201002512,BOKL,39,43,349,261,91089.00,2019-10-02 16:32:25.951857
266,2019100201002513,BOKL,39,26,412,261,107532.00,2019-10-02 16:32:25.951857
267,2019100201002514,BOKL,57,41,477,260,124020.00,2019-10-02 16:32:25.951857
268,2019100201002515,NBL,45,45,100,314,31400.00,2019-10-02 16:32:25.951857
269,2019100201002516,NBL,42,45,10,314,3140.00,2019-10-02 16:32:25.951857
270,2019100201002517,NBL,1,45,300,314,94200.00,2019-10-02 16:32:25.951857
271,2019100201002518,NBL,11,45,500,314,157000.00,2019-10-02 16:32:25.951857
272,2019100201002519,NLICL,42,6,50,470,23500.00,2019-10-02 16:32:25.951857
273,2019100201002520,BOKL,53,26,1000,261,261000.00,2019-10-02 16:32:25.951857
274,2019100201002521,MHNL,43,39,30,80,2400.00,2019-10-02 16:32:25.951857
275,2019100201002522,NICL,43,16,10,265,2650.00,2019-10-02 16:32:25.951857
276,2019100201002523,RADHI,19,17,11,132,1452.00,2019-10-02 16:32:25.951857
277,2019100201002524,SICL,42,58,75,713,53475.00,2019-10-02 16:32:25.951857
278,2019100201002525,CBL,52,17,20,144,2880.00,2019-10-02 16:32:25.951857
279,2019100201002526,GLICL,5,39,47,365,17155.00,2019-10-02 16:32:25.951857
280,2019100201002527,SRBL,38,43,25,233,5825.00,2019-10-02 16:32:25.951857
281,2019100201002528,SRBL,32,43,100,233,23300.00,2019-10-02 16:32:25.951857
282,2019100201002529,SRBL,56,43,50,233,11650.00,2019-10-02 16:32:25.951857
283,2019100201002530,SRBL,33,43,825,233,192225.00,2019-10-02 16:32:25.951857
284,2019100201002531,CZBIL,42,50,100,195,19500.00,2019-10-02 16:32:25.951857
285,2019100201002532,KPCL,52,59,40,77,3080.00,2019-10-02 16:32:25.951857
286,2019100201002533,KPCL,19,59,460,76,34960.00,2019-10-02 16:32:25.951857
287,2019100201002534,NICA,14,55,335,383,128305.00,2019-10-02 16:32:25.951857
288,2019100201002535,RMDC,38,44,50,601,30050.00,2019-10-02 16:32:25.951857
289,2019100201002536,NBL,43,45,150,314,47100.00,2019-10-02 16:32:25.951857
290,2019100201002537,BPCL,34,51,59,359,21181.00,2019-10-02 16:32:25.951857
291,2019100201002538,BPCL,46,51,200,358,71600.00,2019-10-02 16:32:25.951857
292,2019100201002539,BPCL,41,51,41,357,14637.00,2019-10-02 16:32:25.951857
293,2019100201002540,SICL,21,58,31,712,22072.00,2019-10-02 16:32:25.951857
294,2019100201002541,AKJCL,43,25,10,56,560.00,2019-10-02 16:32:25.951857
295,2019100201002542,AKJCL,43,35,20,56,1120.00,2019-10-02 16:32:25.951857
296,2019100201002451,SRBL,17,48,20,234,4680.00,2019-10-02 16:32:25.951857
297,2019100201002452,NLIC,6,28,100,757,75700.00,2019-10-02 16:32:25.951857
298,2019100201002453,NCCB,3,36,35,197,6895.00,2019-10-02 16:32:25.951857
299,2019100201002454,NCCB,16,36,76,197,14972.00,2019-10-02 16:32:25.951857
300,2019100201002455,SHIVM,22,50,20,512,10240.00,2019-10-02 16:32:25.951857
301,2019100201002456,BOKL,57,11,1422,260,369720.00,2019-10-02 16:32:25.951857
302,2019100201002457,BOKL,57,49,200,260,52000.00,2019-10-02 16:32:25.951857
303,2019100201002458,BOKL,57,51,57,260,14820.00,2019-10-02 16:32:25.951857
304,2019100201002459,BOKL,57,7,500,260,130000.00,2019-10-02 16:32:25.951857
305,2019100201002460,LBL,14,39,100,213,21300.00,2019-10-02 16:32:25.951857
306,2019100201002461,NIB,18,36,56,441,24696.00,2019-10-02 16:32:25.951857
307,2019100201002462,NIB,11,36,100,441,44100.00,2019-10-02 16:32:25.951857
308,2019100201002463,NIB,41,36,100,440,44000.00,2019-10-02 16:32:25.951857
309,2019100201002464,NIB,22,36,250,440,110000.00,2019-10-02 16:32:25.951857
310,2019100201002465,NIB,42,36,10,440,4400.00,2019-10-02 16:32:25.951857
311,2019100201002466,NIB,8,36,200,440,88000.00,2019-10-02 16:32:25.951857
312,2019100201002467,NIB,28,36,20,440,8800.00,2019-10-02 16:32:25.951857
313,2019100201002468,NIB,55,36,20,440,8800.00,2019-10-02 16:32:25.951857
314,2019100201002469,NIB,42,36,90,440,39600.00,2019-10-02 16:32:25.951857
315,2019100201002470,NIB,1,36,154,440,67760.00,2019-10-02 16:32:25.951857
316,2019100201002471,MHNL,41,59,100,79,7900.00,2019-10-02 16:32:25.951857
317,2019100201002472,MHNL,11,59,200,79,15800.00,2019-10-02 16:32:25.951857
318,2019100201002473,SCB,56,26,40,572,22880.00,2019-10-02 16:32:25.951857
319,2019100201002474,SCB,6,26,100,572,57200.00,2019-10-02 16:32:25.951857
320,2019100201002475,SCB,29,26,25,571,14275.00,2019-10-02 16:32:25.951857
321,2019100201002476,SCB,42,26,135,571,77085.00,2019-10-02 16:32:25.951857
322,2019100201002477,NIL,45,37,50,361,18050.00,2019-10-02 16:32:25.951857
323,2019100201002478,NIL,34,37,158,360,56880.00,2019-10-02 16:32:25.951857
324,2019100201002479,NIL,57,37,50,360,18000.00,2019-10-02 16:32:25.951857
325,2019100201002480,SHPC,11,45,1098,194,213012.00,2019-10-02 16:32:25.951857
326,2019100201002481,SBL,17,17,1000,332,332000.00,2019-10-02 16:32:25.951857
327,2019100201002482,SHPC,11,26,38,194,7372.00,2019-10-02 16:32:25.951857
328,2019100201002483,NMBMF,49,1,102,1060,108120.00,2019-10-02 16:32:25.951857
329,2019100201002484,LBBL,14,32,280,173,48440.00,2019-10-02 16:32:25.951857
330,2019100201002485,PCBL,42,49,100,268,26800.00,2019-10-02 16:32:25.951857
331,2019100201002486,ALBSL,6,6,30,385,11550.00,2019-10-02 16:32:25.951857
332,2019100201002487,SHIVM,42,46,80,510,40800.00,2019-10-02 16:32:25.951857
333,2019100201002488,SHIVM,21,46,15,510,7650.00,2019-10-02 16:32:25.951857
334,2019100201002489,SHIVM,35,46,30,510,15300.00,2019-10-02 16:32:25.951857
335,2019100201002490,SHIVM,33,46,100,510,51000.00,2019-10-02 16:32:25.951857
336,2019100201002491,SHIVM,47,46,50,510,25500.00,2019-10-02 16:32:25.951857
337,2019100201002492,SHIVM,22,46,10,510,5100.00,2019-10-02 16:32:25.951857
338,2019100201002493,SHIVM,45,46,50,510,25500.00,2019-10-02 16:32:25.951857
339,2019100201002494,SHIVM,16,46,20,510,10200.00,2019-10-02 16:32:25.951857
340,2019100201002495,SHIVM,35,46,20,510,10200.00,2019-10-02 16:32:25.951857
341,2019100201002496,SHIVM,39,46,100,510,51000.00,2019-10-02 16:32:25.951857
342,2019100201002497,RHPL,59,16,160,159,25440.00,2019-10-02 16:32:25.951857
343,2019100201002498,SJCL,59,26,20,167,3340.00,2019-10-02 16:32:25.951857
344,2019100201002499,BOKL,36,54,135,261,35235.00,2019-10-02 16:32:25.951857
345,2019100201002500,BOKL,36,56,55,261,14355.00,2019-10-02 16:32:25.951857
346,2019100201002501,BOKL,36,6,500,261,130500.00,2019-10-02 16:32:25.951857
347,2019100201002502,BOKL,36,55,100,261,26100.00,2019-10-02 16:32:25.951857
348,2019100201002503,BOKL,36,43,10,261,2610.00,2019-10-02 16:32:25.951857
349,2019100201002504,SHIVM,3,18,10,509,5090.00,2019-10-02 16:32:25.951857
350,2019100201002505,SHIVM,7,18,200,509,101800.00,2019-10-02 16:32:25.951857
351,2019100201002506,UPPER,22,26,50,234,11700.00,2019-10-02 16:32:25.951857
352,2019100201002507,MEGA,43,45,10,194,1940.00,2019-10-02 16:32:25.951857
353,2019100201002413,NIB,18,26,44,441,19404.00,2019-10-02 16:32:25.951857
354,2019100201002414,RHPL,52,26,100,158,15800.00,2019-10-02 16:32:25.951857
355,2019100201002415,SHIVM,42,42,150,510,76500.00,2019-10-02 16:32:25.951857
356,2019100201002416,SCB,56,58,710,572,406120.00,2019-10-02 16:32:25.951857
357,2019100201002417,HGI,6,16,300,266,79800.00,2019-10-02 16:32:25.951857
358,2019100201002418,GMFBS,32,39,15,460,6900.00,2019-10-02 16:32:25.951857
359,2019100201002419,BOKL,46,11,100,260,26000.00,2019-10-02 16:32:25.951857
360,2019100201002420,KPCL,52,35,10,77,770.00,2019-10-02 16:32:25.951857
361,2019100201002421,SADBL,19,57,363,140,50820.00,2019-10-02 16:32:25.951857
362,2019100201002422,GLICL,58,39,425,365,155125.00,2019-10-02 16:32:25.951857
363,2019100201002423,GLICL,5,39,78,365,28470.00,2019-10-02 16:32:25.951857
364,2019100201002424,NLBBL,6,26,51,496,25296.00,2019-10-02 16:32:25.951857
365,2019100201002425,NLBBL,5,26,100,496,49600.00,2019-10-02 16:32:25.951857
366,2019100201002426,NLBBL,55,26,20,495,9900.00,2019-10-02 16:32:25.951857
367,2019100201002427,NLBBL,53,26,12,495,5940.00,2019-10-02 16:32:25.951857
368,2019100201002428,HPPL,4,26,10,141,1410.00,2019-10-02 16:32:25.951857
369,2019100201002429,SHIVM,6,50,10,512,5120.00,2019-10-02 16:32:25.951857
370,2019100201002430,CLBSL,7,42,22,467,10274.00,2019-10-02 16:32:25.951857
371,2019100201002431,CLBSL,48,42,50,467,23350.00,2019-10-02 16:32:25.951857
372,2019100201002432,CLBSL,48,42,18,466,8388.00,2019-10-02 16:32:25.951857
373,2019100201002433,BOKL,49,11,200,260,52000.00,2019-10-02 16:32:25.951857
374,2019100201002434,CBL,29,7,33,143,4719.00,2019-10-02 16:32:25.951857
375,2019100201002435,BOKL,38,11,200,260,52000.00,2019-10-02 16:32:25.951857
376,2019100201002436,BPCL,42,58,79,359,28361.00,2019-10-02 16:32:25.951857
377,2019100201002437,BPCL,34,58,241,359,86519.00,2019-10-02 16:32:25.951857
378,2019100201002438,SBL,11,57,477,331,157887.00,2019-10-02 16:32:25.951857
379,2019100201002439,SBL,39,57,100,331,33100.00,2019-10-02 16:32:25.951857
380,2019100201002440,SBL,39,57,500,331,165500.00,2019-10-02 16:32:25.951857
381,2019100201002441,SBL,11,57,398,331,131738.00,2019-10-02 16:32:25.951857
382,2019100201002442,LLBS,14,33,20,651,13020.00,2019-10-02 16:32:25.951857
383,2019100201002443,LLBS,6,33,90,650,58500.00,2019-10-02 16:32:25.951857
384,2019100201002444,KBL,32,36,297,179,53163.00,2019-10-02 16:32:25.951857
385,2019100201002445,KBL,10,36,703,179,125837.00,2019-10-02 16:32:25.951857
386,2019100201002446,SMB,20,42,50,420,21000.00,2019-10-02 16:32:25.951857
387,2019100201002447,NBB,14,34,400,210,84000.00,2019-10-02 16:32:25.951857
388,2019100201002448,RMDC,38,26,39,601,23439.00,2019-10-02 16:32:25.951857
389,2019100201002449,MNBBL,14,28,292,308,89936.00,2019-10-02 16:32:25.951857
390,2019100201002450,BOKL,39,11,629,260,163540.00,2019-10-02 16:32:25.951857
391,2019100201002372,NGPL,35,16,500,100,50000.00,2019-10-02 16:32:25.951857
392,2019100201002373,NGPL,46,16,100,100,10000.00,2019-10-02 16:32:25.951857
393,2019100201002374,SBL,56,17,1000,332,332000.00,2019-10-02 16:32:25.951857
394,2019100201002375,API,45,16,2500,113,282500.00,2019-10-02 16:32:25.951857
395,2019100201002376,UPPER,49,58,300,235,70500.00,2019-10-02 16:32:25.951857
396,2019100201002377,UPPER,58,58,200,235,47000.00,2019-10-02 16:32:25.951857
397,2019100201002378,UPPER,52,58,50,234,11700.00,2019-10-02 16:32:25.951857
398,2019100201002379,UPPER,44,58,492,234,115128.00,2019-10-02 16:32:25.951857
399,2019100201002380,CZBIL,42,50,90,195,17550.00,2019-10-02 16:32:25.951857
400,2019100201002381,MNBBL,14,42,25,308,7700.00,2019-10-02 16:32:25.951857
401,2019100201002382,NLIC,18,16,50,758,37900.00,2019-10-02 16:32:25.951857
402,2019100201002383,SHIVM,3,33,30,510,15300.00,2019-10-02 16:32:25.951857
403,2019100201002384,SHIVM,45,33,200,510,102000.00,2019-10-02 16:32:25.951857
404,2019100201002385,SHIVM,25,33,50,510,25500.00,2019-10-02 16:32:25.951857
405,2019100201002386,SHIVM,56,33,50,510,25500.00,2019-10-02 16:32:25.951857
406,2019100201002387,SHIVM,56,33,100,510,51000.00,2019-10-02 16:32:25.951857
407,2019100201002388,SHIVM,21,33,20,510,10200.00,2019-10-02 16:32:25.951857
408,2019100201002389,SHIVM,50,33,50,510,25500.00,2019-10-02 16:32:25.951857
409,2019100201002390,SHIVM,57,33,50,510,25500.00,2019-10-02 16:32:25.951857
410,2019100201002391,NHPC,58,56,100,52,5200.00,2019-10-02 16:32:25.951857
411,2019100201002392,NHPC,55,56,2000,52,104000.00,2019-10-02 16:32:25.951857
412,2019100201002393,NHPC,26,56,100,52,5200.00,2019-10-02 16:32:25.951857
413,2019100201002394,SHPC,44,28,50,196,9800.00,2019-10-02 16:32:25.951857
414,2019100201002395,SHIVM,58,50,20,512,10240.00,2019-10-02 16:32:25.951857
415,2019100201002396,API,59,42,1000,112,112000.00,2019-10-02 16:32:25.951857
416,2019100201002397,SHIVM,57,19,50,510,25500.00,2019-10-02 16:32:25.951857
417,2019100201002398,EBL,56,44,360,572,205920.00,2019-10-02 16:32:25.951857
418,2019100201002399,MNBBL,14,22,500,308,154000.00,2019-10-02 16:32:25.951857
419,2019100201002400,SJCL,59,26,100,167,16700.00,2019-10-02 16:32:25.951857
420,2019100201002401,LBBL,14,42,500,173,86500.00,2019-10-02 16:32:25.951857
421,2019100201002402,UIC,41,58,25,260,6500.00,2019-10-02 16:32:25.951857
422,2019100201002403,UIC,46,58,100,260,26000.00,2019-10-02 16:32:25.951857
423,2019100201002404,UIC,34,58,26,260,6760.00,2019-10-02 16:32:25.951857
424,2019100201002405,UIC,10,58,50,260,13000.00,2019-10-02 16:32:25.951857
425,2019100201002406,UIC,45,58,100,260,26000.00,2019-10-02 16:32:25.951857
426,2019100201002407,MEGA,49,26,69,193,13317.00,2019-10-02 16:32:25.951857
427,2019100201002408,LBL,14,37,100,213,21300.00,2019-10-02 16:32:25.951857
428,2019100201002409,SHIVM,16,34,100,510,51000.00,2019-10-02 16:32:25.951857
429,2019100201002410,SHIVM,26,34,30,510,15300.00,2019-10-02 16:32:25.951857
430,2019100201002411,SHIVM,16,34,200,510,102000.00,2019-10-02 16:32:25.951857
431,2019100201002412,SHIVM,42,34,470,510,239700.00,2019-10-02 16:32:25.951857
432,2019100201002343,BOKL,1,58,238,259,61642.00,2019-10-02 16:32:25.951857
433,2019100201002344,BOKL,32,58,20,259,5180.00,2019-10-02 16:32:25.951857
434,2019100201002345,BOKL,35,58,70,259,18130.00,2019-10-02 16:32:25.951857
435,2019100201002346,BOKL,48,58,172,259,44548.00,2019-10-02 16:32:25.951857
436,2019100201002347,BOKL,48,40,258,259,66822.00,2019-10-02 16:32:25.951857
437,2019100201002348,API,59,26,18,112,2016.00,2019-10-02 16:32:25.951857
438,2019100201002349,RHPL,40,16,480,159,76320.00,2019-10-02 16:32:25.951857
439,2019100201002350,RHPL,59,16,500,159,79500.00,2019-10-02 16:32:25.951857
440,2019100201002351,RHPL,17,16,100,159,15900.00,2019-10-02 16:32:25.951857
441,2019100201002352,RHPL,17,16,100,159,15900.00,2019-10-02 16:32:25.951857
442,2019100201002353,RHPL,58,16,500,159,79500.00,2019-10-02 16:32:25.951857
443,2019100201002354,BARUN,22,26,10,88,880.00,2019-10-02 16:32:25.951857
444,2019100201002355,NICL,34,39,500,262,131000.00,2019-10-02 16:32:25.951857
445,2019100201002356,NICL,36,39,568,261,148248.00,2019-10-02 16:32:25.951857
446,2019100201002357,CCBL,37,26,122,153,18666.00,2019-10-02 16:32:25.951857
447,2019100201002358,BOKL,41,11,30,260,7800.00,2019-10-02 16:32:25.951857
448,2019100201002359,CIT,47,26,20,1791,35820.00,2019-10-02 16:32:25.951857
449,2019100201002360,SHIVM,1,47,150,510,76500.00,2019-10-02 16:32:25.951857
450,2019100201002361,FMDBL,21,52,200,316,63200.00,2019-10-02 16:32:25.951857
451,2019100201002362,FMDBL,36,52,100,315,31500.00,2019-10-02 16:32:25.951857
452,2019100201002363,FMDBL,55,52,200,315,63000.00,2019-10-02 16:32:25.951857
453,2019100201002364,FMDBL,52,52,500,315,157500.00,2019-10-02 16:32:25.951857
454,2019100201002365,SBL,28,38,284,331,94004.00,2019-10-02 16:32:25.951857
455,2019100201002366,SBL,11,38,216,331,71496.00,2019-10-02 16:32:25.951857
456,2019100201002367,DBBL,26,26,49,126,6174.00,2019-10-02 16:32:25.951857
457,2019100201002368,MBL,33,47,101,224,22624.00,2019-10-02 16:32:25.951857
458,2019100201002369,HIDCL,1,26,31,133,4123.00,2019-10-02 16:32:25.951857
459,2019100201002370,PRVU,49,36,1000,263,263000.00,2019-10-02 16:32:25.951857
460,2019100201002371,NGPL,29,16,48,100,4800.00,2019-10-02 16:32:25.951857
461,2019100201002322,SHIVM,39,40,100,511,51100.00,2019-10-02 16:32:25.951857
462,2019100201002323,SHIVM,34,40,50,510,25500.00,2019-10-02 16:32:25.951857
463,2019100201002324,SHIVM,39,40,500,510,255000.00,2019-10-02 16:32:25.951857
464,2019100201002325,SHIVM,1,40,350,510,178500.00,2019-10-02 16:32:25.951857
465,2019100201002326,SJCL,11,35,200,168,33600.00,2019-10-02 16:32:25.951857
466,2019100201002327,UPPER,13,45,60,235,14100.00,2019-10-02 16:32:25.951857
467,2019100201002328,JSLBB,40,45,10,974,9740.00,2019-10-02 16:32:25.951857
468,2019100201002329,PRIN,44,4,500,311,155500.00,2019-10-02 16:32:25.951857
469,2019100201002330,CZBIL,13,50,440,195,85800.00,2019-10-02 16:32:25.951857
470,2019100201002331,PIC,13,38,24,370,8880.00,2019-10-02 16:32:25.951857
471,2019100201002332,PIC,35,38,70,370,25900.00,2019-10-02 16:32:25.951857
472,2019100201002333,NMFBS,33,58,29,1680,48720.00,2019-10-02 16:32:25.951857
473,2019100201002334,SIC,45,58,13,476,6188.00,2019-10-02 16:32:25.951857
474,2019100201002335,NABIL,55,3,30,772,23160.00,2019-10-02 16:32:25.951857
475,2019100201002336,BOKL,1,45,81,260,21060.00,2019-10-02 16:32:25.951857
476,2019100201002337,BOKL,1,38,500,260,130000.00,2019-10-02 16:32:25.951857
477,2019100201002338,BOKL,1,11,419,260,108940.00,2019-10-02 16:32:25.951857
478,2019100201002339,SBL,28,17,970,332,322040.00,2019-10-02 16:32:25.951857
479,2019100201002340,SBL,41,17,900,332,298800.00,2019-10-02 16:32:25.951857
480,2019100201002341,CBBL,6,49,70,972,68040.00,2019-10-02 16:32:25.951857
481,2019100201002342,CBBL,48,49,10,972,9720.00,2019-10-02 16:32:25.951857
482,2019100201002275,BPCL,42,35,11,359,3949.00,2019-10-02 16:32:25.951857
483,2019100201002276,OHL,41,40,10,480,4800.00,2019-10-02 16:32:25.951857
484,2019100201002277,OHL,43,40,29,479,13891.00,2019-10-02 16:32:25.951857
485,2019100201002278,OHL,26,40,100,479,47900.00,2019-10-02 16:32:25.951857
486,2019100201002279,OHL,52,40,82,479,39278.00,2019-10-02 16:32:25.951857
487,2019100201002280,NIB,11,16,102,443,45186.00,2019-10-02 16:32:25.951857
488,2019100201002281,NABIL,26,5,100,771,77100.00,2019-10-02 16:32:25.951857
489,2019100201002282,NABIL,42,5,10,771,7710.00,2019-10-02 16:32:25.951857
490,2019100201002283,NABIL,52,5,20,770,15400.00,2019-10-02 16:32:25.951857
491,2019100201002284,NABIL,34,5,19,770,14630.00,2019-10-02 16:32:25.951857
492,2019100201002285,NABIL,17,5,50,770,38500.00,2019-10-02 16:32:25.951857
493,2019100201002286,NABIL,17,5,200,770,154000.00,2019-10-02 16:32:25.951857
494,2019100201002287,NABIL,39,5,101,770,77770.00,2019-10-02 16:32:25.951857
495,2019100201002288,SBL,28,55,30,332,9960.00,2019-10-02 16:32:25.951857
496,2019100201002289,ADBL,58,26,10,415,4150.00,2019-10-02 16:32:25.951857
497,2019100201002290,ILBS,55,3,10,425,4250.00,2019-10-02 16:32:25.951857
498,2019100201002291,ILBS,55,46,10,426,4260.00,2019-10-02 16:32:25.951857
499,2019100201002292,ILBS,55,46,10,426,4260.00,2019-10-02 16:32:25.951857
500,2019100201002293,ILBS,55,46,10,426,4260.00,2019-10-02 16:32:25.951857
501,2019100201002294,HIDCL,1,35,26,133,3458.00,2019-10-02 16:32:25.951857
502,2019100201002295,KBL,42,54,20,180,3600.00,2019-10-02 16:32:25.951857
503,2019100201002296,KBL,42,32,12,181,2172.00,2019-10-02 16:32:25.951857
504,2019100201002297,BOKL,17,45,100,260,26000.00,2019-10-02 16:32:25.951857
505,2019100201002298,CHCL,32,42,111,419,46509.00,2019-10-02 16:32:25.951857
506,2019100201002299,DBBL,17,45,986,127,125222.00,2019-10-02 16:32:25.951857
507,2019100201002300,DBBL,56,45,300,127,38100.00,2019-10-02 16:32:25.951857
508,2019100201002301,DBBL,25,45,300,127,38100.00,2019-10-02 16:32:25.951857
509,2019100201002302,NLIC,48,28,30,757,22710.00,2019-10-02 16:32:25.951857
510,2019100201002303,NLIC,45,28,48,757,36336.00,2019-10-02 16:32:25.951857
511,2019100201002304,NLIC,45,28,51,757,38607.00,2019-10-02 16:32:25.951857
512,2019100201002305,NLIC,55,28,70,757,52990.00,2019-10-02 16:32:25.951857
513,2019100201002306,NLIC,8,28,300,757,227100.00,2019-10-02 16:32:25.951857
514,2019100201002307,NLIC,58,28,58,756,43848.00,2019-10-02 16:32:25.951857
515,2019100201002308,LLBS,6,45,10,650,6500.00,2019-10-02 16:32:25.951857
516,2019100201002309,SJCL,59,3,20,167,3340.00,2019-10-02 16:32:25.951857
517,2019100201002310,GLICL,42,50,51,366,18666.00,2019-10-02 16:32:25.951857
518,2019100201002311,GLICL,49,50,100,366,36600.00,2019-10-02 16:32:25.951857
519,2019100201002312,GLICL,1,50,100,366,36600.00,2019-10-02 16:32:25.951857
520,2019100201002313,GLICL,58,50,375,365,136875.00,2019-10-02 16:32:25.951857
521,2019100201002314,PCBL,42,43,719,268,192692.00,2019-10-02 16:32:25.951857
522,2019100201002315,CBL,29,56,1000,143,143000.00,2019-10-02 16:32:25.951857
523,2019100201002316,MNBBL,45,28,100,309,30900.00,2019-10-02 16:32:25.951857
524,2019100201002317,OHL,52,36,18,479,8622.00,2019-10-02 16:32:25.951857
525,2019100201002318,OHL,43,36,25,476,11900.00,2019-10-02 16:32:25.951857
526,2019100201002319,OHL,36,36,300,471,141300.00,2019-10-02 16:32:25.951857
527,2019100201002320,OHL,22,36,20,471,9420.00,2019-10-02 16:32:25.951857
528,2019100201002321,AHPC,6,48,100,98,9800.00,2019-10-02 16:32:25.951857
529,2019100201002235,SHIVM,21,52,1985,511,1014335.00,2019-10-02 16:32:25.951857
530,2019100201002236,SHIVM,44,52,200,511,102200.00,2019-10-02 16:32:25.951857
531,2019100201002237,SHIVM,25,52,200,511,102200.00,2019-10-02 16:32:25.951857
532,2019100201002238,HBL,44,25,25,499,12475.00,2019-10-02 16:32:25.951857
533,2019100201002239,HBL,14,25,267,498,132966.00,2019-10-02 16:32:25.951857
534,2019100201002240,SKBBL,39,5,495,910,450450.00,2019-10-02 16:32:25.951857
535,2019100201002241,GBLBS,7,17,30,320,9600.00,2019-10-02 16:32:25.951857
536,2019100201002242,GBLBS,22,17,40,320,12800.00,2019-10-02 16:32:25.951857
537,2019100201002243,GBLBS,8,17,500,320,160000.00,2019-10-02 16:32:25.951857
538,2019100201002244,JSLBB,57,11,40,956,38240.00,2019-10-02 16:32:25.951857
539,2019100201002245,JSLBB,48,11,10,955,9550.00,2019-10-02 16:32:25.951857
540,2019100201002246,RHPL,40,3,20,159,3180.00,2019-10-02 16:32:25.951857
541,2019100201002247,RHPL,40,3,20,159,3180.00,2019-10-02 16:32:25.951857
542,2019100201002248,HGI,34,33,450,265,119250.00,2019-10-02 16:32:25.951857
543,2019100201002249,ILBS,18,41,40,421,16840.00,2019-10-02 16:32:25.951857
544,2019100201002250,ILBS,38,41,20,420,8400.00,2019-10-02 16:32:25.951857
545,2019100201002251,ILBS,26,41,200,420,84000.00,2019-10-02 16:32:25.951857
546,2019100201002252,ILBS,53,41,40,419,16760.00,2019-10-02 16:32:25.951857
547,2019100201002253,ILBS,57,41,270,419,113130.00,2019-10-02 16:32:25.951857
548,2019100201002254,API,59,35,11,112,1232.00,2019-10-02 16:32:25.951857
549,2019100201002255,BOKL,32,11,57,260,14820.00,2019-10-02 16:32:25.951857
550,2019100201002256,BOKL,32,26,343,260,89180.00,2019-10-02 16:32:25.951857
551,2019100201002257,SCB,44,58,250,573,143250.00,2019-10-02 16:32:25.951857
552,2019100201002258,SCB,39,58,40,572,22880.00,2019-10-02 16:32:25.951857
553,2019100201002259,SMATA,41,45,149,533,79417.00,2019-10-02 16:32:25.951857
554,2019100201002260,SMATA,34,45,100,531,53100.00,2019-10-02 16:32:25.951857
555,2019100201002261,SLICL,58,5,14,263,3682.00,2019-10-02 16:32:25.951857
556,2019100201002262,BOKL,28,26,281,260,73060.00,2019-10-02 16:32:25.951857
557,2019100201002263,BOKL,28,45,719,260,186940.00,2019-10-02 16:32:25.951857
558,2019100201002264,BOKL,4,45,100,260,26000.00,2019-10-02 16:32:25.951857
559,2019100201002265,LBBL,14,32,220,173,38060.00,2019-10-02 16:32:25.951857
560,2019100201002266,SHIVM,17,19,100,510,51000.00,2019-10-02 16:32:25.951857
561,2019100201002267,SHIVM,34,19,50,510,25500.00,2019-10-02 16:32:25.951857
562,2019100201002268,CIT,39,38,25,1804,45100.00,2019-10-02 16:32:25.951857
563,2019100201002269,CIT,13,38,30,1803,54090.00,2019-10-02 16:32:25.951857
564,2019100201002270,CIT,26,38,100,1800,180000.00,2019-10-02 16:32:25.951857
565,2019100201002271,CIT,45,38,30,1800,54000.00,2019-10-02 16:32:25.951857
566,2019100201002272,CIT,32,38,50,1796,89800.00,2019-10-02 16:32:25.951857
567,2019100201002273,CIT,11,38,25,1795,44875.00,2019-10-02 16:32:25.951857
568,2019100201002274,CIT,14,38,25,1795,44875.00,2019-10-02 16:32:25.951857
569,2019100201002211,HBL,28,14,250,500,125000.00,2019-10-02 16:32:25.951857
570,2019100201002212,CFCL,25,45,100,111,11100.00,2019-10-02 16:32:25.951857
571,2019100201002213,SHIVM,1,39,50,512,25600.00,2019-10-02 16:32:25.951857
572,2019100201002214,SHIVM,3,39,10,511,5110.00,2019-10-02 16:32:25.951857
573,2019100201002215,SHIVM,45,39,300,511,153300.00,2019-10-02 16:32:25.951857
574,2019100201002216,SHIVM,45,39,500,511,255500.00,2019-10-02 16:32:25.951857
575,2019100201002217,SHIVM,21,39,15,511,7665.00,2019-10-02 16:32:25.951857
576,2019100201002218,RHPL,1,29,20,160,3200.00,2019-10-02 16:32:25.951857
577,2019100201002219,SHPC,11,17,998,194,193612.00,2019-10-02 16:32:25.951857
578,2019100201002220,KBL,35,54,80,180,14400.00,2019-10-02 16:32:25.951857
579,2019100201002221,CFCL,25,45,300,110,33000.00,2019-10-02 16:32:25.951857
580,2019100201002222,CFCL,8,45,100,110,11000.00,2019-10-02 16:32:25.951857
581,2019100201002223,SABSL,1,58,10,450,4500.00,2019-10-02 16:32:25.951857
582,2019100201002224,MERO,29,35,33,559,18447.00,2019-10-02 16:32:25.951857
583,2019100201002225,MERO,29,6,217,560,121520.00,2019-10-02 16:32:25.951857
584,2019100201002226,API,25,16,65,113,7345.00,2019-10-02 16:32:25.951857
585,2019100201002227,BPCL,20,35,11,360,3960.00,2019-10-02 16:32:25.951857
586,2019100201002228,BPCL,20,16,139,360,50040.00,2019-10-02 16:32:25.951857
587,2019100201002229,ALICL,51,28,45,313,14085.00,2019-10-02 16:32:25.951857
588,2019100201002230,ALICL,26,28,1000,313,313000.00,2019-10-02 16:32:25.951857
589,2019100201002231,ALICL,33,28,1000,312,312000.00,2019-10-02 16:32:25.951857
590,2019100201002232,ALICL,28,28,500,312,156000.00,2019-10-02 16:32:25.951857
591,2019100201002233,CFCL,53,45,200,109,21800.00,2019-10-02 16:32:25.951857
592,2019100201002234,CFCL,39,45,50,109,5450.00,2019-10-02 16:32:25.951857
593,2019100201002198,BOKL,38,11,200,260,52000.00,2019-10-02 16:32:25.951857
594,2019100201002199,SBL,45,55,200,332,66400.00,2019-10-02 16:32:25.951857
595,2019100201002200,UPPER,21,17,20,236,4720.00,2019-10-02 16:32:25.951857
596,2019100201002201,UPPER,52,17,110,236,25960.00,2019-10-02 16:32:25.951857
597,2019100201002202,UPPER,13,17,215,235,50525.00,2019-10-02 16:32:25.951857
598,2019100201002203,NLIC,21,16,50,758,37900.00,2019-10-02 16:32:25.951857
599,2019100201002204,MLBL,49,49,2450,212,519400.00,2019-10-02 16:32:25.951857
600,2019100201002205,BOKL,49,11,600,260,156000.00,2019-10-02 16:32:25.951857
601,2019100201002206,NBB,6,34,100,210,21000.00,2019-10-02 16:32:25.951857
602,2019100201002207,SJCL,43,35,260,168,43680.00,2019-10-02 16:32:25.951857
603,2019100201002208,HGI,6,54,100,266,26600.00,2019-10-02 16:32:25.951857
604,2019100201002209,HGI,34,54,50,265,13250.00,2019-10-02 16:32:25.951857
605,2019100201002210,ILBS,18,58,10,421,4210.00,2019-10-02 16:32:25.951857
606,2019100201002159,MEGA,49,50,500,193,96500.00,2019-10-02 16:32:25.951857
607,2019100201002160,HPPL,52,35,10,143,1430.00,2019-10-02 16:32:25.951857
608,2019100201002161,SCB,34,20,20,578,11560.00,2019-10-02 16:32:25.951857
609,2019100201002162,SCB,55,20,10,578,5780.00,2019-10-02 16:32:25.951857
610,2019100201002163,SCB,7,20,50,578,28900.00,2019-10-02 16:32:25.951857
611,2019100201002164,SCB,1,20,100,577,57700.00,2019-10-02 16:32:25.951857
612,2019100201002165,SCB,59,20,349,576,201024.00,2019-10-02 16:32:25.951857
613,2019100201002166,SCB,44,20,300,576,172800.00,2019-10-02 16:32:25.951857
614,2019100201002167,SCB,34,20,171,575,98325.00,2019-10-02 16:32:25.951857
615,2019100201002168,PRVU,44,50,400,262,104800.00,2019-10-02 16:32:25.951857
616,2019100201002169,CBBL,6,26,30,972,29160.00,2019-10-02 16:32:25.951857
617,2019100201002170,SKBBL,39,26,75,911,68325.00,2019-10-02 16:32:25.951857
618,2019100201002171,SKBBL,22,5,50,910,45500.00,2019-10-02 16:32:25.951857
619,2019100201002172,SKBBL,39,5,30,910,27300.00,2019-10-02 16:32:25.951857
620,2019100201002173,NADEP,44,16,25,405,10125.00,2019-10-02 16:32:25.951857
621,2019100201002174,NADEP,28,16,50,404,20200.00,2019-10-02 16:32:25.951857
622,2019100201002175,NADEP,50,16,50,404,20200.00,2019-10-02 16:32:25.951857
623,2019100201002176,NADEP,28,16,80,403,32240.00,2019-10-02 16:32:25.951857
624,2019100201002177,NADEP,52,16,50,403,20150.00,2019-10-02 16:32:25.951857
625,2019100201002178,NADEP,26,16,245,403,98735.00,2019-10-02 16:32:25.951857
626,2019100201002179,SKBBL,39,58,475,910,432250.00,2019-10-02 16:32:25.951857
627,2019100201002180,MLBL,44,49,50,213,10650.00,2019-10-02 16:32:25.951857
628,2019100201002181,MLBL,40,49,500,213,106500.00,2019-10-02 16:32:25.951857
629,2019100201002182,SLICL,58,55,50,268,13400.00,2019-10-02 16:32:25.951857
630,2019100201002183,PCBL,39,43,50,268,13400.00,2019-10-02 16:32:25.951857
631,2019100201002184,BOKL,1,34,80,259,20720.00,2019-10-02 16:32:25.951857
632,2019100201002185,SHIVM,10,1,15,512,7680.00,2019-10-02 16:32:25.951857
633,2019100201002186,SHIVM,35,1,30,512,15360.00,2019-10-02 16:32:25.951857
634,2019100201002187,MEGA,49,55,300,193,57900.00,2019-10-02 16:32:25.951857
635,2019100201002188,EBL,34,58,20,571,11420.00,2019-10-02 16:32:25.951857
636,2019100201002189,EBL,45,58,50,571,28550.00,2019-10-02 16:32:25.951857
637,2019100201002190,EBL,44,58,11,571,6281.00,2019-10-02 16:32:25.951857
638,2019100201002191,SCB,34,16,29,575,16675.00,2019-10-02 16:32:25.951857
639,2019100201002192,SCB,49,16,50,575,28750.00,2019-10-02 16:32:25.951857
640,2019100201002193,SCB,28,16,100,575,57500.00,2019-10-02 16:32:25.951857
641,2019100201002194,SCB,45,16,100,575,57500.00,2019-10-02 16:32:25.951857
642,2019100201002195,SCB,6,16,20,575,11500.00,2019-10-02 16:32:25.951857
643,2019100201002196,SHIVM,39,1,55,512,28160.00,2019-10-02 16:32:25.951857
644,2019100201002197,SHIVM,39,47,45,512,23040.00,2019-10-02 16:32:25.951857
645,2019100201002138,PCBL,58,43,191,268,51188.00,2019-10-02 16:32:25.951857
646,2019100201002139,PCBL,48,43,20,268,5360.00,2019-10-02 16:32:25.951857
647,2019100201002140,PCBL,18,43,20,268,5360.00,2019-10-02 16:32:25.951857
648,2019100201002141,NCCB,37,33,642,198,127116.00,2019-10-02 16:32:25.951857
649,2019100201002142,FOWAD,45,34,89,1270,113030.00,2019-10-02 16:32:25.951857
650,2019100201002143,RMDC,47,5,50,606,30300.00,2019-10-02 16:32:25.951857
651,2019100201002144,RMDC,14,5,20,605,12100.00,2019-10-02 16:32:25.951857
652,2019100201002145,RMDC,39,5,71,605,42955.00,2019-10-02 16:32:25.951857
653,2019100201002146,GBBL,3,26,40,211,8440.00,2019-10-02 16:32:25.951857
654,2019100201002147,GBBL,39,26,100,210,21000.00,2019-10-02 16:32:25.951857
655,2019100201002148,GBBL,26,26,300,210,63000.00,2019-10-02 16:32:25.951857
656,2019100201002149,GBBL,34,26,71,210,14910.00,2019-10-02 16:32:25.951857
657,2019100201002150,SDESI,11,34,29,610,17690.00,2019-10-02 16:32:25.951857
658,2019100201002151,ALBSL,42,39,130,384,49920.00,2019-10-02 16:32:25.951857
659,2019100201002152,HIDCL,1,35,26,133,3458.00,2019-10-02 16:32:25.951857
660,2019100201002153,BOKL,29,11,100,260,26000.00,2019-10-02 16:32:25.951857
661,2019100201002154,BOKL,54,11,1000,260,260000.00,2019-10-02 16:32:25.951857
662,2019100201002155,BOKL,1,11,43,260,11180.00,2019-10-02 16:32:25.951857
663,2019100201002156,RMDC,39,25,207,605,125235.00,2019-10-02 16:32:25.951857
664,2019100201002157,KRBL,33,1,200,101,20200.00,2019-10-02 16:32:25.951857
665,2019100201002158,SRBL,49,48,85,234,19890.00,2019-10-02 16:32:25.951857
666,2019100201002110,LBBL,40,43,80,173,13840.00,2019-10-02 16:32:25.951857
667,2019100201002111,LBBL,14,43,19,173,3287.00,2019-10-02 16:32:25.951857
668,2019100201002112,CBL,29,26,201,143,28743.00,2019-10-02 16:32:25.951857
669,2019100201002113,NCCB,44,32,117,198,23166.00,2019-10-02 16:32:25.951857
670,2019100201002114,NCCB,44,33,183,198,36234.00,2019-10-02 16:32:25.951857
671,2019100201002115,NIB,34,16,20,444,8880.00,2019-10-02 16:32:25.951857
672,2019100201002116,SJCL,43,3,20,168,3360.00,2019-10-02 16:32:25.951857
673,2019100201002117,JFL,6,32,50,195,9750.00,2019-10-02 16:32:25.951857
674,2019100201002118,JFL,56,32,340,195,66300.00,2019-10-02 16:32:25.951857
675,2019100201002119,TMDBL,59,40,180,147,26460.00,2019-10-02 16:32:25.951857
676,2019100201002120,TMDBL,28,40,1000,147,147000.00,2019-10-02 16:32:25.951857
677,2019100201002121,SHIVM,34,7,75,512,38400.00,2019-10-02 16:32:25.951857
678,2019100201002122,SHIVM,41,7,20,512,10240.00,2019-10-02 16:32:25.951857
679,2019100201002123,SHIVM,14,7,20,512,10240.00,2019-10-02 16:32:25.951857
680,2019100201002124,SHIVM,19,7,100,512,51200.00,2019-10-02 16:32:25.951857
681,2019100201002125,SHIVM,32,7,200,512,102400.00,2019-10-02 16:32:25.951857
682,2019100201002126,SHIVM,10,7,85,512,43520.00,2019-10-02 16:32:25.951857
683,2019100201002127,NABIL,39,39,43,771,33153.00,2019-10-02 16:32:25.951857
684,2019100201002128,CCBL,59,26,43,154,6622.00,2019-10-02 16:32:25.951857
685,2019100201002129,CCBL,37,26,130,153,19890.00,2019-10-02 16:32:25.951857
686,2019100201002130,LBBL,14,39,480,173,83040.00,2019-10-02 16:32:25.951857
687,2019100201002131,SHL,22,34,100,211,21100.00,2019-10-02 16:32:25.951857
688,2019100201002132,SHL,25,34,118,211,24898.00,2019-10-02 16:32:25.951857
689,2019100201002133,GFCL,47,14,100,133,13300.00,2019-10-02 16:32:25.951857
690,2019100201002134,LBBL,14,32,500,173,86500.00,2019-10-02 16:32:25.951857
691,2019100201002135,SANIMA,1,17,38,305,11590.00,2019-10-02 16:32:25.951857
692,2019100201002136,SANIMA,18,17,222,305,67710.00,2019-10-02 16:32:25.951857
693,2019100201002137,HIDCL,32,45,221,134,29614.00,2019-10-02 16:32:25.951857
694,2019100201002076,SHIVM,34,5,100,512,51200.00,2019-10-02 16:32:25.951857
695,2019100201002077,BOKL,16,41,90,260,23400.00,2019-10-02 16:32:25.951857
696,2019100201002078,BOKL,16,25,300,260,78000.00,2019-10-02 16:32:25.951857
697,2019100201002079,BOKL,16,34,200,260,52000.00,2019-10-02 16:32:25.951857
698,2019100201002080,BOKL,16,25,80,260,20800.00,2019-10-02 16:32:25.951857
699,2019100201002081,BOKL,16,32,1000,260,260000.00,2019-10-02 16:32:25.951857
700,2019100201002082,BOKL,16,6,100,260,26000.00,2019-10-02 16:32:25.951857
701,2019100201002083,BOKL,16,37,500,260,130000.00,2019-10-02 16:32:25.951857
702,2019100201002084,SADBL,1,14,400,139,55600.00,2019-10-02 16:32:25.951857
703,2019100201002085,ALICL,40,26,100,313,31300.00,2019-10-02 16:32:25.951857
704,2019100201002086,ALICL,51,26,155,313,48515.00,2019-10-02 16:32:25.951857
705,2019100201002087,RHPL,40,3,40,159,6360.00,2019-10-02 16:32:25.951857
706,2019100201002088,CCBL,29,17,99,154,15246.00,2019-10-02 16:32:25.951857
707,2019100201002089,CCBL,59,17,54,154,8316.00,2019-10-02 16:32:25.951857
708,2019100201002090,NIL,45,22,50,361,18050.00,2019-10-02 16:32:25.951857
709,2019100201002091,SIC,35,34,50,473,23650.00,2019-10-02 16:32:25.951857
710,2019100201002092,SIC,42,34,20,470,9400.00,2019-10-02 16:32:25.951857
711,2019100201002093,SIC,29,34,80,470,37600.00,2019-10-02 16:32:25.951857
712,2019100201002094,SICL,45,58,15,713,10695.00,2019-10-02 16:32:25.951857
713,2019100201002095,GBBL,14,26,824,212,174688.00,2019-10-02 16:32:25.951857
714,2019100201002096,BOKL,42,54,15,261,3915.00,2019-10-02 16:32:25.951857
715,2019100201002097,NBL,45,17,124,314,38936.00,2019-10-02 16:32:25.951857
716,2019100201002098,SADBL,19,14,195,138,26910.00,2019-10-02 16:32:25.951857
717,2019100201002099,OHL,25,25,50,485,24250.00,2019-10-02 16:32:25.951857
718,2019100201002100,OHL,6,25,100,485,48500.00,2019-10-02 16:32:25.951857
719,2019100201002101,OHL,45,25,150,481,72150.00,2019-10-02 16:32:25.951857
720,2019100201002102,OHL,22,25,20,481,9620.00,2019-10-02 16:32:25.951857
721,2019100201002103,OHL,34,25,100,481,48100.00,2019-10-02 16:32:25.951857
722,2019100201002104,OHL,45,25,100,480,48000.00,2019-10-02 16:32:25.951857
723,2019100201002105,KSBBL,41,26,37,141,5217.00,2019-10-02 16:32:25.951857
724,2019100201002106,KSBBL,39,26,200,141,28200.00,2019-10-02 16:32:25.951857
725,2019100201002107,KSBBL,41,26,500,140,70000.00,2019-10-02 16:32:25.951857
726,2019100201002108,KSBBL,42,26,58,140,8120.00,2019-10-02 16:32:25.951857
727,2019100201002109,NABIL,34,39,10,771,7710.00,2019-10-02 16:32:25.951857
728,2019100201002068,SJCL,43,29,10,168,1680.00,2019-10-02 16:32:25.951857
729,2019100201002069,AHPC,47,6,880,97,85360.00,2019-10-02 16:32:25.951857
730,2019100201002070,SHPC,48,58,200,195,39000.00,2019-10-02 16:32:25.951857
731,2019100201002071,SHPC,48,25,20,197,3940.00,2019-10-02 16:32:25.951857
732,2019100201002072,RHPL,40,1,300,159,47700.00,2019-10-02 16:32:25.951857
733,2019100201002073,SBL,49,55,500,332,166000.00,2019-10-02 16:32:25.951857
734,2019100201002074,PRVU,44,58,192,263,50496.00,2019-10-02 16:32:25.951857
735,2019100201002075,PRVU,44,36,108,263,28404.00,2019-10-02 16:32:25.951857
736,2019100201002056,CHCL,29,42,106,419,44414.00,2019-10-02 16:32:25.951857
737,2019100201002057,API,59,35,11,112,1232.00,2019-10-02 16:32:25.951857
738,2019100201002058,RHPL,40,29,40,159,6360.00,2019-10-02 16:32:25.951857
739,2019100201002059,FOWAD,45,57,19,1270,24130.00,2019-10-02 16:32:25.951857
740,2019100201002060,CZBIL,46,54,45,195,8775.00,2019-10-02 16:32:25.951857
741,2019100201002061,GLICL,19,50,10,369,3690.00,2019-10-02 16:32:25.951857
742,2019100201002062,SANIMA,57,28,38,306,11628.00,2019-10-02 16:32:25.951857
743,2019100201002063,SANIMA,1,28,612,305,186660.00,2019-10-02 16:32:25.951857
744,2019100201002064,CHCL,13,42,217,418,90706.00,2019-10-02 16:32:25.951857
745,2019100201002065,BOKL,58,41,10,260,2600.00,2019-10-02 16:32:25.951857
746,2019100201002066,NABIL,7,39,100,771,77100.00,2019-10-02 16:32:25.951857
747,2019100201002067,NABIL,38,39,200,771,154200.00,2019-10-02 16:32:25.951857
748,2019100201002047,BOKL,6,41,200,260,52000.00,2019-10-02 16:32:25.951857
749,2019100201002048,NLIC,13,28,13,759,9867.00,2019-10-02 16:32:25.951857
750,2019100201002049,SJCL,43,59,70,168,11760.00,2019-10-02 16:32:25.951857
751,2019100201002050,SJCL,43,22,10,168,1680.00,2019-10-02 16:32:25.951857
752,2019100201002051,SLICL,17,17,28,273,7644.00,2019-10-02 16:32:25.951857
753,2019100201002052,SLICL,57,17,20,272,5440.00,2019-10-02 16:32:25.951857
754,2019100201002053,SJCL,1,35,20,169,3380.00,2019-10-02 16:32:25.951857
755,2019100201002054,CHCL,29,42,217,419,90923.00,2019-10-02 16:32:25.951857
756,2019100201002055,MEGA,44,25,500,193,96500.00,2019-10-02 16:32:25.951857
757,2019100201002035,EBL,44,33,50,571,28550.00,2019-10-02 16:32:25.951857
758,2019100201002036,EBL,1,33,100,571,57100.00,2019-10-02 16:32:25.951857
759,2019100201002037,EBL,38,33,100,571,57100.00,2019-10-02 16:32:25.951857
760,2019100201002038,EBL,52,33,20,570,11400.00,2019-10-02 16:32:25.951857
761,2019100201002039,EBL,39,33,180,570,102600.00,2019-10-02 16:32:25.951857
762,2019100201002040,NBB,5,28,130,209,27170.00,2019-10-02 16:32:25.951857
763,2019100201002041,NBB,25,28,1000,209,209000.00,2019-10-02 16:32:25.951857
764,2019100201002042,NBB,53,28,200,209,41800.00,2019-10-02 16:32:25.951857
765,2019100201002043,NBB,42,28,50,209,10450.00,2019-10-02 16:32:25.951857
766,2019100201002044,PIC,1,57,30,370,11100.00,2019-10-02 16:32:25.951857
767,2019100201002045,PIC,13,57,76,370,28120.00,2019-10-02 16:32:25.951857
768,2019100201002046,NCCB,44,32,200,198,39600.00,2019-10-02 16:32:25.951857
769,2019100201002015,RHPL,40,50,500,159,79500.00,2019-10-02 16:32:25.951857
770,2019100201002016,NICA,17,44,150,383,57450.00,2019-10-02 16:32:25.951857
771,2019100201002017,NLICL,6,36,85,468,39780.00,2019-10-02 16:32:25.951857
772,2019100201002018,NLICL,35,36,15,468,7020.00,2019-10-02 16:32:25.951857
773,2019100201002019,LLBS,44,41,40,650,26000.00,2019-10-02 16:32:25.951857
774,2019100201002020,LLBS,55,41,300,648,194400.00,2019-10-02 16:32:25.951857
775,2019100201002021,LLBS,29,41,130,646,83980.00,2019-10-02 16:32:25.951857
776,2019100201002022,SHIVM,35,7,25,512,12800.00,2019-10-02 16:32:25.951857
777,2019100201002023,SHIVM,34,7,100,512,51200.00,2019-10-02 16:32:25.951857
778,2019100201002024,SHIVM,6,7,100,512,51200.00,2019-10-02 16:32:25.951857
779,2019100201002025,SHIVM,17,7,150,512,76800.00,2019-10-02 16:32:25.951857
780,2019100201002026,SHIVM,44,7,100,512,51200.00,2019-10-02 16:32:25.951857
781,2019100201002027,SHIVM,34,7,25,512,12800.00,2019-10-02 16:32:25.951857
782,2019100201002028,SHPC,57,16,460,194,89240.00,2019-10-02 16:32:25.951857
783,2019100201002029,SBL,29,55,70,332,23240.00,2019-10-02 16:32:25.951857
784,2019100201002030,NBB,17,28,100,210,21000.00,2019-10-02 16:32:25.951857
785,2019100201002031,NBB,25,28,1204,210,252840.00,2019-10-02 16:32:25.951857
786,2019100201002032,PCBL,58,17,161,268,43148.00,2019-10-02 16:32:25.951857
787,2019100201002033,CIT,34,17,25,1812,45300.00,2019-10-02 16:32:25.951857
788,2019100201002034,BOKL,42,41,500,260,130000.00,2019-10-02 16:32:25.951857
789,2019100201002005,MNBBL,35,28,50,309,15450.00,2019-10-02 16:32:25.951857
790,2019100201002006,MNBBL,14,28,890,308,274120.00,2019-10-02 16:32:25.951857
791,2019100201002007,RHPL,40,22,40,159,6360.00,2019-10-02 16:32:25.951857
792,2019100201002008,NABIL,29,3,100,773,77300.00,2019-10-02 16:32:25.951857
793,2019100201002009,CHCL,13,56,50,423,21150.00,2019-10-02 16:32:25.951857
794,2019100201002010,CHCL,13,45,40,423,16920.00,2019-10-02 16:32:25.951857
795,2019100201002011,CHCL,13,6,103,423,43569.00,2019-10-02 16:32:25.951857
796,2019100201002012,CHCL,13,55,500,424,212000.00,2019-10-02 16:32:25.951857
797,2019100201002013,SHIVM,59,28,50,512,25600.00,2019-10-02 16:32:25.951857
798,2019100201002014,SHIVM,25,28,50,512,25600.00,2019-10-02 16:32:25.951857
799,2019100201001998,SICL,45,58,220,713,156860.00,2019-10-02 16:32:25.951857
800,2019100201001999,NICA,6,18,10,382,3820.00,2019-10-02 16:32:25.951857
801,2019100201002000,NICA,14,18,990,382,378180.00,2019-10-02 16:32:25.951857
802,2019100201002001,NABIL,29,3,300,773,231900.00,2019-10-02 16:32:25.951857
803,2019100201002002,NIL,45,5,200,361,72200.00,2019-10-02 16:32:25.951857
804,2019100201002003,SBL,29,17,300,332,99600.00,2019-10-02 16:32:25.951857
805,2019100201002004,GLBSL,52,38,10,430,4300.00,2019-10-02 16:32:25.951857
806,2019100201001965,SBL,29,34,180,332,59760.00,2019-10-02 16:32:25.951857
807,2019100201001966,BPCL,56,33,20,363,7260.00,2019-10-02 16:32:25.951857
808,2019100201001967,BPCL,56,16,10,363,3630.00,2019-10-02 16:32:25.951857
809,2019100201001968,SHIVM,39,5,82,513,42066.00,2019-10-02 16:32:25.951857
810,2019100201001969,SHIVM,41,5,150,513,76950.00,2019-10-02 16:32:25.951857
811,2019100201001970,SHIVM,10,5,40,513,20520.00,2019-10-02 16:32:25.951857
812,2019100201001971,SHIVM,19,5,50,513,25650.00,2019-10-02 16:32:25.951857
813,2019100201001972,SHIVM,42,5,30,513,15390.00,2019-10-02 16:32:25.951857
814,2019100201001973,SHIVM,6,5,120,513,61560.00,2019-10-02 16:32:25.951857
815,2019100201001974,SHIVM,22,5,10,513,5130.00,2019-10-02 16:32:25.951857
816,2019100201001975,SHIVM,14,5,25,513,12825.00,2019-10-02 16:32:25.951857
817,2019100201001976,SHIVM,32,5,200,513,102600.00,2019-10-02 16:32:25.951857
818,2019100201001977,SHIVM,29,5,50,512,25600.00,2019-10-02 16:32:25.951857
819,2019100201001978,SHIVM,50,5,52,512,26624.00,2019-10-02 16:32:25.951857
820,2019100201001979,SHIVM,28,5,200,512,102400.00,2019-10-02 16:32:25.951857
821,2019100201001980,PLIC,39,49,1865,327,609855.00,2019-10-02 16:32:25.951857
822,2019100201001981,NIB,1,36,853,443,377879.00,2019-10-02 16:32:25.951857
823,2019100201001982,NIB,17,36,50,443,22150.00,2019-10-02 16:32:25.951857
824,2019100201001983,NIB,41,36,200,442,88400.00,2019-10-02 16:32:25.951857
825,2019100201001984,NIB,41,36,30,442,13260.00,2019-10-02 16:32:25.951857
826,2019100201001985,NIB,49,36,313,441,138033.00,2019-10-02 16:32:25.951857
827,2019100201001986,NIB,50,36,40,441,17640.00,2019-10-02 16:32:25.951857
828,2019100201001987,NIB,44,36,500,441,220500.00,2019-10-02 16:32:25.951857
829,2019100201001988,NIB,42,36,11,441,4851.00,2019-10-02 16:32:25.951857
830,2019100201001989,SLBBL,35,33,65,531,34515.00,2019-10-02 16:32:25.951857
831,2019100201001990,LICN,44,28,12,1000,12000.00,2019-10-02 16:32:25.951857
832,2019100201001991,SABSL,17,6,20,450,9000.00,2019-10-02 16:32:25.951857
833,2019100201001992,HDL,26,39,50,1475,73750.00,2019-10-02 16:32:25.951857
834,2019100201001993,HDL,58,39,120,1470,176400.00,2019-10-02 16:32:25.951857
835,2019100201001994,PLIC,33,35,24,325,7800.00,2019-10-02 16:32:25.951857
836,2019100201001995,PLIC,41,35,20,325,6500.00,2019-10-02 16:32:25.951857
837,2019100201001996,BARUN,6,21,10,89,890.00,2019-10-02 16:32:25.951857
838,2019100201001997,KBL,32,16,47,179,8413.00,2019-10-02 16:32:25.951857
839,2019100201001951,TRH,14,4,500,283,141500.00,2019-10-02 16:32:25.951857
840,2019100201001952,NICL,55,40,500,267,133500.00,2019-10-02 16:32:25.951857
841,2019100201001953,NICL,11,40,500,266,133000.00,2019-10-02 16:32:25.951857
842,2019100201001954,NICL,25,40,100,266,26600.00,2019-10-02 16:32:25.951857
843,2019100201001955,NICL,53,40,20,266,5320.00,2019-10-02 16:32:25.951857
844,2019100201001956,NICL,43,40,25,265,6625.00,2019-10-02 16:32:25.951857
845,2019100201001957,NICL,11,40,500,265,132500.00,2019-10-02 16:32:25.951857
846,2019100201001958,NICL,44,40,1000,265,265000.00,2019-10-02 16:32:25.951857
847,2019100201001959,NICL,43,40,1000,265,265000.00,2019-10-02 16:32:25.951857
848,2019100201001960,RMDC,38,33,50,606,30300.00,2019-10-02 16:32:25.951857
849,2019100201001961,LBBL,14,32,980,173,169540.00,2019-10-02 16:32:25.951857
850,2019100201001962,LBBL,40,32,1020,173,176460.00,2019-10-02 16:32:25.951857
851,2019100201001963,MEGA,50,18,400,193,77200.00,2019-10-02 16:32:25.951857
852,2019100201001964,PRVU,50,34,726,262,190212.00,2019-10-02 16:32:25.951857
853,2019100201001922,NCCB,3,33,37,199,7363.00,2019-10-02 16:32:25.951857
854,2019100201001923,MERO,29,6,88,560,49280.00,2019-10-02 16:32:25.951857
855,2019100201001924,MERO,29,26,50,560,28000.00,2019-10-02 16:32:25.951857
856,2019100201001925,BOKL,38,41,200,260,52000.00,2019-10-02 16:32:25.951857
857,2019100201001926,CBBL,11,16,10,973,9730.00,2019-10-02 16:32:25.951857
858,2019100201001927,CBBL,44,16,25,972,24300.00,2019-10-02 16:32:25.951857
859,2019100201001928,CBBL,44,16,10,972,9720.00,2019-10-02 16:32:25.951857
860,2019100201001929,CBBL,44,16,10,972,9720.00,2019-10-02 16:32:25.951857
861,2019100201001930,CBBL,59,16,42,971,40782.00,2019-10-02 16:32:25.951857
862,2019100201001931,CBBL,42,16,30,971,29130.00,2019-10-02 16:32:25.951857
863,2019100201001932,CBBL,59,16,30,971,29130.00,2019-10-02 16:32:25.951857
864,2019100201001933,CBBL,28,16,300,970,291000.00,2019-10-02 16:32:25.951857
865,2019100201001934,CBBL,41,16,43,970,41710.00,2019-10-02 16:32:25.951857
866,2019100201001935,NLIC,45,28,60,759,45540.00,2019-10-02 16:32:25.951857
867,2019100201001936,NCCB,33,57,317,198,62766.00,2019-10-02 16:32:25.951857
868,2019100201001937,NCCB,33,32,156,198,30888.00,2019-10-02 16:32:25.951857
869,2019100201001938,SRBL,35,48,500,234,117000.00,2019-10-02 16:32:25.951857
870,2019100201001939,DDBL,49,5,650,715,464750.00,2019-10-02 16:32:25.951857
871,2019100201001940,MEGA,33,18,1600,193,308800.00,2019-10-02 16:32:25.951857
872,2019100201001941,LLBS,26,33,50,651,32550.00,2019-10-02 16:32:25.951857
873,2019100201001942,LLBS,51,33,30,651,19530.00,2019-10-02 16:32:25.951857
874,2019100201001943,LLBS,41,33,20,651,13020.00,2019-10-02 16:32:25.951857
875,2019100201001944,NICL,58,40,10,270,2700.00,2019-10-02 16:32:25.951857
876,2019100201001945,SHIVM,43,14,10,515,5150.00,2019-10-02 16:32:25.951857
877,2019100201001946,SHIVM,19,14,30,515,15450.00,2019-10-02 16:32:25.951857
878,2019100201001947,SHIVM,22,14,30,514,15420.00,2019-10-02 16:32:25.951857
879,2019100201001948,SHIVM,39,14,100,514,51400.00,2019-10-02 16:32:25.951857
880,2019100201001949,SHIVM,55,14,100,514,51400.00,2019-10-02 16:32:25.951857
881,2019100201001950,SHPC,44,58,50,195,9750.00,2019-10-02 16:32:25.951857
882,2019100201001903,NBL,26,39,180,314,56520.00,2019-10-02 16:32:25.951857
883,2019100201001904,NBL,45,39,40,314,12560.00,2019-10-02 16:32:25.951857
884,2019100201001905,NBL,5,39,100,314,31400.00,2019-10-02 16:32:25.951857
885,2019100201001906,NBL,39,39,500,314,157000.00,2019-10-02 16:32:25.951857
886,2019100201001907,NBL,25,39,44,314,13816.00,2019-10-02 16:32:25.951857
887,2019100201001908,NBL,52,39,100,314,31400.00,2019-10-02 16:32:25.951857
888,2019100201001909,NBL,45,39,276,314,86664.00,2019-10-02 16:32:25.951857
889,2019100201001910,PLIC,14,55,65,330,21450.00,2019-10-02 16:32:25.951857
890,2019100201001911,PLIC,39,55,135,327,44145.00,2019-10-02 16:32:25.951857
891,2019100201001912,SANIMA,44,35,88,306,26928.00,2019-10-02 16:32:25.951857
892,2019100201001913,SANIMA,57,35,12,306,3672.00,2019-10-02 16:32:25.951857
893,2019100201001914,CZBIL,43,18,697,194,135218.00,2019-10-02 16:32:25.951857
894,2019100201001915,NCCB,33,58,557,198,110286.00,2019-10-02 16:32:25.951857
895,2019100201001916,PRVU,21,34,74,262,19388.00,2019-10-02 16:32:25.951857
896,2019100201001917,PRVU,25,34,200,262,52400.00,2019-10-02 16:32:25.951857
897,2019100201001918,NTC,59,33,10,637,6370.00,2019-10-02 16:32:25.951857
898,2019100201001919,SLICL,17,55,72,273,19656.00,2019-10-02 16:32:25.951857
899,2019100201001920,NICA,50,44,500,383,191500.00,2019-10-02 16:32:25.951857
900,2019100201001921,NICA,37,44,250,383,95750.00,2019-10-02 16:32:25.951857
901,2019100201001885,MEGA,33,55,400,193,77200.00,2019-10-02 16:32:25.951857
902,2019100201001886,NGPL,29,34,11,100,1100.00,2019-10-02 16:32:25.951857
903,2019100201001887,ADBL,57,26,50,415,20750.00,2019-10-02 16:32:25.951857
904,2019100201001888,ADBL,51,26,50,415,20750.00,2019-10-02 16:32:25.951857
905,2019100201001889,SKBBL,22,55,100,911,91100.00,2019-10-02 16:32:25.951857
906,2019100201001890,RHPL,40,46,10,159,1590.00,2019-10-02 16:32:25.951857
907,2019100201001891,BPCL,13,33,22,361,7942.00,2019-10-02 16:32:25.951857
908,2019100201001892,NLICL,50,6,40,470,18800.00,2019-10-02 16:32:25.951857
909,2019100201001893,SBL,18,34,20,332,6640.00,2019-10-02 16:32:25.951857
910,2019100201001894,SRBL,35,48,30,234,7020.00,2019-10-02 16:32:25.951857
911,2019100201001895,TRH,14,32,10,283,2830.00,2019-10-02 16:32:25.951857
912,2019100201001896,TMDBL,59,55,50,148,7400.00,2019-10-02 16:32:25.951857
913,2019100201001897,TMDBL,59,55,120,147,17640.00,2019-10-02 16:32:25.951857
914,2019100201001898,TMDBL,35,55,50,147,7350.00,2019-10-02 16:32:25.951857
915,2019100201001899,SJCL,58,46,10,167,1670.00,2019-10-02 16:32:25.951857
916,2019100201001900,BARUN,22,34,10,88,880.00,2019-10-02 16:32:25.951857
917,2019100201001901,NLBBL,18,14,50,497,24850.00,2019-10-02 16:32:25.951857
918,2019100201001902,NLBBL,6,14,49,496,24304.00,2019-10-02 16:32:25.951857
919,2019100201001874,BOKL,41,25,100,260,26000.00,2019-10-02 16:32:25.951857
920,2019100201001875,BOKL,41,57,81,260,21060.00,2019-10-02 16:32:25.951857
921,2019100201001876,RHPL,40,46,20,159,3180.00,2019-10-02 16:32:25.951857
922,2019100201001877,SRBL,57,48,700,234,163800.00,2019-10-02 16:32:25.951857
923,2019100201001878,SRBL,41,48,10,234,2340.00,2019-10-02 16:32:25.951857
924,2019100201001879,PFL,48,34,11,133,1463.00,2019-10-02 16:32:25.951857
925,2019100201001880,NTC,57,35,18,625,11250.00,2019-10-02 16:32:25.951857
926,2019100201001881,SHIVM,52,42,50,516,25800.00,2019-10-02 16:32:25.951857
927,2019100201001882,LBBL,14,55,120,173,20760.00,2019-10-02 16:32:25.951857
928,2019100201001883,SJCL,58,46,20,167,3340.00,2019-10-02 16:32:25.951857
929,2019100201001884,PLIC,45,57,300,331,99300.00,2019-10-02 16:32:25.951857
930,2019100201001857,CFCL,57,28,780,113,88140.00,2019-10-02 16:32:25.951857
931,2019100201001858,HIDCL,48,17,50,134,6700.00,2019-10-02 16:32:25.951857
932,2019100201001859,HIDCL,5,17,500,134,67000.00,2019-10-02 16:32:25.951857
933,2019100201001860,HIDCL,32,17,501,134,67134.00,2019-10-02 16:32:25.951857
934,2019100201001861,NMBMF,57,57,10,1070,10700.00,2019-10-02 16:32:25.951857
935,2019100201001862,NMBMF,57,34,15,1070,16050.00,2019-10-02 16:32:25.951857
936,2019100201001863,EIC,44,33,30,239,7170.00,2019-10-02 16:32:25.951857
937,2019100201001864,EIC,49,33,13,238,3094.00,2019-10-02 16:32:25.951857
938,2019100201001865,HPPL,52,46,10,145,1450.00,2019-10-02 16:32:25.951857
939,2019100201001866,RLFL,34,44,46,115,5290.00,2019-10-02 16:32:25.951857
940,2019100201001867,BPCL,57,33,80,363,29040.00,2019-10-02 16:32:25.951857
941,2019100201001868,KBL,41,33,11,179,1969.00,2019-10-02 16:32:25.951857
942,2019100201001869,KBL,32,33,56,179,10024.00,2019-10-02 16:32:25.951857
943,2019100201001870,NLIC,39,28,45,761,34245.00,2019-10-02 16:32:25.951857
944,2019100201001871,NLIC,25,28,125,760,95000.00,2019-10-02 16:32:25.951857
945,2019100201001872,NLIC,19,28,200,759,151800.00,2019-10-02 16:32:25.951857
946,2019100201001873,API,25,16,35,113,3955.00,2019-10-02 16:32:25.951857
947,2019100201001839,SJCL,58,17,20,167,3340.00,2019-10-02 16:32:25.951857
948,2019100201001840,HURJA,41,28,20,106,2120.00,2019-10-02 16:32:25.951857
949,2019100201001841,BOKL,46,57,76,260,19760.00,2019-10-02 16:32:25.951857
950,2019100201001842,BOKL,46,57,101,260,26260.00,2019-10-02 16:32:25.951857
951,2019100201001843,NBL,44,28,44,315,13860.00,2019-10-02 16:32:25.951857
952,2019100201001844,MBL,50,34,279,224,62496.00,2019-10-02 16:32:25.951857
953,2019100201001845,MBL,33,34,371,224,83104.00,2019-10-02 16:32:25.951857
954,2019100201001846,NCCB,33,34,780,198,154440.00,2019-10-02 16:32:25.951857
955,2019100201001847,NCCB,33,40,190,198,37620.00,2019-10-02 16:32:25.951857
956,2019100201001848,MEGA,42,49,20,193,3860.00,2019-10-02 16:32:25.951857
957,2019100201001849,PRIN,44,33,17,312,5304.00,2019-10-02 16:32:25.951857
958,2019100201001850,CEFL,59,34,100,108,10800.00,2019-10-02 16:32:25.951857
959,2019100201001851,CEFL,59,25,100,108,10800.00,2019-10-02 16:32:25.951857
960,2019100201001852,CEFL,59,14,300,108,32400.00,2019-10-02 16:32:25.951857
961,2019100201001853,MEGA,33,49,980,193,189140.00,2019-10-02 16:32:25.951857
962,2019100201001854,MEGA,33,33,1000,193,193000.00,2019-10-02 16:32:25.951857
963,2019100201001855,MEGA,33,18,620,194,120280.00,2019-10-02 16:32:25.951857
964,2019100201001856,MEGA,33,45,400,194,77600.00,2019-10-02 16:32:25.951857
965,2019100201001826,NIB,21,39,100,443,44300.00,2019-10-02 16:32:25.951857
966,2019100201001827,NIB,38,39,53,443,23479.00,2019-10-02 16:32:25.951857
967,2019100201001828,NIB,1,39,147,443,65121.00,2019-10-02 16:32:25.951857
968,2019100201001829,SJCL,58,17,20,167,3340.00,2019-10-02 16:32:25.951857
969,2019100201001830,SJCL,58,28,20,167,3340.00,2019-10-02 16:32:25.951857
970,2019100201001831,BOKL,21,57,30,260,7800.00,2019-10-02 16:32:25.951857
971,2019100201001832,SHIVM,43,26,90,515,46350.00,2019-10-02 16:32:25.951857
972,2019100201001833,NNLB,16,55,50,427,21350.00,2019-10-02 16:32:25.951857
973,2019100201001834,RHPL,40,28,30,159,4770.00,2019-10-02 16:32:25.951857
974,2019100201001835,UPCL,39,34,50,79,3950.00,2019-10-02 16:32:25.951857
975,2019100201001836,RHPL,40,17,30,159,4770.00,2019-10-02 16:32:25.951857
976,2019100201001837,PPCL,40,28,20,94,1880.00,2019-10-02 16:32:25.951857
977,2019100201001838,SWBBL,36,49,100,905,90500.00,2019-10-02 16:32:25.951857
978,2019100201001816,HDL,58,32,40,1490,59600.00,2019-10-02 16:32:25.951857
979,2019100201001817,HDL,58,14,100,1490,149000.00,2019-10-02 16:32:25.951857
980,2019100201001818,BOKL,19,34,18,259,4662.00,2019-10-02 16:32:25.951857
981,2019100201001819,BOKL,1,34,182,259,47138.00,2019-10-02 16:32:25.951857
982,2019100201001820,PIC,35,26,101,371,37471.00,2019-10-02 16:32:25.951857
983,2019100201001821,MNBBL,35,45,50,309,15450.00,2019-10-02 16:32:25.951857
984,2019100201001822,MNBBL,35,57,100,309,30900.00,2019-10-02 16:32:25.951857
985,2019100201001823,EIC,44,58,70,239,16730.00,2019-10-02 16:32:25.951857
986,2019100201001824,RHPL,40,17,30,159,4770.00,2019-10-02 16:32:25.951857
987,2019100201001825,SBL,25,34,100,332,33200.00,2019-10-02 16:32:25.951857
988,2019100201001806,PIC,1,6,20,370,7400.00,2019-10-02 16:32:25.951857
989,2019100201001807,SJCL,58,17,20,167,3340.00,2019-10-02 16:32:25.951857
990,2019100201001808,MLBBL,22,55,10,455,4550.00,2019-10-02 16:32:25.951857
991,2019100201001809,SLICL,19,55,78,273,21294.00,2019-10-02 16:32:25.951857
992,2019100201001810,NLBBL,14,33,408,500,204000.00,2019-10-02 16:32:25.951857
993,2019100201001811,ILBS,38,17,10,420,4200.00,2019-10-02 16:32:25.951857
994,2019100201001812,BOKL,17,55,428,260,111280.00,2019-10-02 16:32:25.951857
995,2019100201001813,BOKL,17,55,528,260,137280.00,2019-10-02 16:32:25.951857
996,2019100201001814,SRBL,57,48,1000,234,234000.00,2019-10-02 16:32:25.951857
997,2019100201001815,BOKL,17,57,44,260,11440.00,2019-10-02 16:32:25.951857
998,2019100201001800,HBL,42,25,25,500,12500.00,2019-10-02 16:32:25.951857
999,2019100201001801,HBL,49,25,100,500,50000.00,2019-10-02 16:32:25.951857
1000,2019100201001802,SJCL,58,17,20,167,3340.00,2019-10-02 16:32:25.951857
1001,2019100201001803,SJCL,43,45,20,168,3360.00,2019-10-02 16:32:25.951857
1002,2019100201001804,PIC,35,6,5000,368,1840000.00,2019-10-02 16:32:25.951857
1003,2019100201001805,BOKL,19,53,82,259,21238.00,2019-10-02 16:32:25.951857
1004,2019100201001793,CZBIL,43,17,10,194,1940.00,2019-10-02 16:32:25.951857
1005,2019100201001794,UPCL,13,34,20,79,1580.00,2019-10-02 16:32:25.951857
1006,2019100201001795,UPCL,39,34,80,79,6320.00,2019-10-02 16:32:25.951857
1007,2019100201001796,SPDL,44,39,100,76,7600.00,2019-10-02 16:32:25.951857
1008,2019100201001797,SLICL,26,39,500,274,137000.00,2019-10-02 16:32:25.951857
1009,2019100201001798,AKJCL,17,17,20,55,1100.00,2019-10-02 16:32:25.951857
1010,2019100201001799,SAEF,5,26,1000,8.45,8450.00,2019-10-02 16:32:25.951857
1011,2019100201001773,SJCL,58,17,20,167,3340.00,2019-10-02 16:32:25.951857
1012,2019100201001774,SBI,29,25,412,405,166860.00,2019-10-02 16:32:25.951857
1013,2019100201001775,LBL,14,26,30,213,6390.00,2019-10-02 16:32:25.951857
1014,2019100201001776,KPCL,11,59,55,78,4290.00,2019-10-02 16:32:25.951857
1015,2019100201001777,MEGA,13,35,215,192,41280.00,2019-10-02 16:32:25.951857
1016,2019100201001778,MEGA,41,35,335,192,64320.00,2019-10-02 16:32:25.951857
1017,2019100201001779,NLICL,59,25,50,470,23500.00,2019-10-02 16:32:25.951857
1018,2019100201001780,NLICL,6,25,15,468,7020.00,2019-10-02 16:32:25.951857
1019,2019100201001781,SBL,25,17,100,332,33200.00,2019-10-02 16:32:25.951857
1020,2019100201001782,SCB,32,22,16,583,9328.00,2019-10-02 16:32:25.951857
1021,2019100201001783,GLICL,58,48,15,367,5505.00,2019-10-02 16:32:25.951857
1022,2019100201001784,GLICL,17,48,200,367,73400.00,2019-10-02 16:32:25.951857
1023,2019100201001785,GLICL,21,48,65,366,23790.00,2019-10-02 16:32:25.951857
1024,2019100201001786,GLICL,42,48,19,366,6954.00,2019-10-02 16:32:25.951857
1025,2019100201001787,PIC,17,17,20,371,7420.00,2019-10-02 16:32:25.951857
1026,2019100201001788,BOKL,49,38,10,260,2600.00,2019-10-02 16:32:25.951857
1027,2019100201001789,BOKL,16,38,170,260,44200.00,2019-10-02 16:32:25.951857
1028,2019100201001790,BOKL,16,53,130,260,33800.00,2019-10-02 16:32:25.951857
1029,2019100201001791,BOKL,32,53,300,260,78000.00,2019-10-02 16:32:25.951857
1030,2019100201001792,BOKL,6,53,204,260,53040.00,2019-10-02 16:32:25.951857
1031,2019100201001760,UPPER,33,38,10,238,2380.00,2019-10-02 16:32:25.951857
1032,2019100201001761,RRHP,17,17,10,103,1030.00,2019-10-02 16:32:25.951857
1033,2019100201001762,BOKL,49,26,40,260,10400.00,2019-10-02 16:32:25.951857
1034,2019100201001763,PCBL,58,25,58,268,15544.00,2019-10-02 16:32:25.951857
1035,2019100201001764,SAPDBL,52,58,30,125,3750.00,2019-10-02 16:32:25.951857
1036,2019100201001765,CZBIL,41,54,100,195,19500.00,2019-10-02 16:32:25.951857
1037,2019100201001766,SCB,32,44,300,580,174000.00,2019-10-02 16:32:25.951857
1038,2019100201001767,SCB,32,48,20,580,11600.00,2019-10-02 16:32:25.951857
1039,2019100201001768,SCB,32,22,164,580,95120.00,2019-10-02 16:32:25.951857
1040,2019100201001769,RHPL,40,17,40,159,6360.00,2019-10-02 16:32:25.951857
1041,2019100201001770,NBL,44,39,700,315,220500.00,2019-10-02 16:32:25.951857
1042,2019100201001771,SHIVM,41,26,10,516,5160.00,2019-10-02 16:32:25.951857
1043,2019100201001772,FMDBL,22,16,50,319,15950.00,2019-10-02 16:32:25.951857
1044,2019100201001746,NLIC,39,1,300,761,228300.00,2019-10-02 16:32:25.951857
1045,2019100201001747,ILBS,53,17,10,419,4190.00,2019-10-02 16:32:25.951857
1046,2019100201001748,NABIL,22,4,100,775,77500.00,2019-10-02 16:32:25.951857
1047,2019100201001749,HDL,26,51,20,1485,29700.00,2019-10-02 16:32:25.951857
1048,2019100201001750,HDL,26,22,100,1487,148700.00,2019-10-02 16:32:25.951857
1049,2019100201001751,HDL,26,32,10,1490,14900.00,2019-10-02 16:32:25.951857
1050,2019100201001752,AKJCL,17,17,10,55,550.00,2019-10-02 16:32:25.951857
1051,2019100201001753,SAEF,13,39,2500,8.32,20800.00,2019-10-02 16:32:25.951857
1052,2019100201001754,CBL,40,17,115,144,16560.00,2019-10-02 16:32:25.951857
1053,2019100201001755,BOKL,44,44,1271,260,330460.00,2019-10-02 16:32:25.951857
1054,2019100201001756,NIL,55,39,378,360,136080.00,2019-10-02 16:32:25.951857
1055,2019100201001757,NIL,34,39,342,360,123120.00,2019-10-02 16:32:25.951857
1056,2019100201001758,GBLBS,26,45,15,322,4830.00,2019-10-02 16:32:25.951857
1057,2019100201001759,NMBMF,49,19,150,1060,159000.00,2019-10-02 16:32:25.951857
1058,2019100201001724,AKJCL,17,17,10,55,550.00,2019-10-02 16:32:25.951857
1059,2019100201001725,BOKL,49,1,500,260,130000.00,2019-10-02 16:32:25.951857
1060,2019100201001726,SWBBL,48,26,50,915,45750.00,2019-10-02 16:32:25.951857
1061,2019100201001727,KBL,44,44,2329,181,421549.00,2019-10-02 16:32:25.951857
1062,2019100201001728,SCB,11,51,10,579,5790.00,2019-10-02 16:32:25.951857
1063,2019100201001729,SCB,11,57,192,579,111168.00,2019-10-02 16:32:25.951857
1064,2019100201001730,DBBL,57,41,100,128,12800.00,2019-10-02 16:32:25.951857
1065,2019100201001731,SWBBL,48,49,188,910,171080.00,2019-10-02 16:32:25.951857
1066,2019100201001732,CHCL,40,25,200,417,83400.00,2019-10-02 16:32:25.951857
1067,2019100201001733,CHCL,29,25,77,417,32109.00,2019-10-02 16:32:25.951857
1068,2019100201001734,BOKL,49,40,500,260,130000.00,2019-10-02 16:32:25.951857
1069,2019100201001735,KBL,55,57,778,180,140040.00,2019-10-02 16:32:25.951857
1070,2019100201001736,KBL,17,57,500,180,90000.00,2019-10-02 16:32:25.951857
1071,2019100201001737,SABSL,35,35,10,449,4490.00,2019-10-02 16:32:25.951857
1072,2019100201001738,RHPL,40,17,40,159,6360.00,2019-10-02 16:32:25.951857
1073,2019100201001739,SAPDBL,26,21,10,126,1260.00,2019-10-02 16:32:25.951857
1074,2019100201001740,SAPDBL,52,21,40,125,5000.00,2019-10-02 16:32:25.951857
1075,2019100201001741,OHL,41,49,20,488,9760.00,2019-10-02 16:32:25.951857
1076,2019100201001742,OHL,6,49,30,485,14550.00,2019-10-02 16:32:25.951857
1077,2019100201001743,SJCL,58,17,20,167,3340.00,2019-10-02 16:32:25.951857
1078,2019100201001744,CHCL,44,44,30,418,12540.00,2019-10-02 16:32:25.951857
1079,2019100201001745,SBL,21,57,20,333,6660.00,2019-10-02 16:32:25.951857
1080,2019100201001714,AKBSL,35,35,10,413,4130.00,2019-10-02 16:32:25.951857
1081,2019100201001715,ILBS,39,17,10,419,4190.00,2019-10-02 16:32:25.951857
1082,2019100201001716,LBL,14,57,238,213,50694.00,2019-10-02 16:32:25.951857
1083,2019100201001717,NBL,54,16,44,315,13860.00,2019-10-02 16:32:25.951857
1084,2019100201001718,NBL,57,16,150,315,47250.00,2019-10-02 16:32:25.951857
1085,2019100201001719,NBL,18,16,50,315,15750.00,2019-10-02 16:32:25.951857
1086,2019100201001720,NBL,44,16,256,315,80640.00,2019-10-02 16:32:25.951857
1087,2019100201001721,SBL,3,25,60,332,19920.00,2019-10-02 16:32:25.951857
1088,2019100201001722,SBL,28,25,50,331,16550.00,2019-10-02 16:32:25.951857
1089,2019100201001723,SBL,28,25,216,331,71496.00,2019-10-02 16:32:25.951857
1090,2019100201001701,UPPER,34,45,40,237,9480.00,2019-10-02 16:32:25.951857
1091,2019100201001702,PCBL,39,25,480,269,129120.00,2019-10-02 16:32:25.951857
1092,2019100201001703,MSLB,17,17,9,954,8586.00,2019-10-02 16:32:25.951857
1093,2019100201001704,SAPDBL,45,40,50,128,6400.00,2019-10-02 16:32:25.951857
1094,2019100201001705,SAPDBL,51,40,100,128,12800.00,2019-10-02 16:32:25.951857
1095,2019100201001706,SAPDBL,41,40,1500,128,192000.00,2019-10-02 16:32:25.951857
1096,2019100201001707,NABIL,11,3,200,774,154800.00,2019-10-02 16:32:25.951857
1097,2019100201001708,DBBL,57,41,200,128,25600.00,2019-10-02 16:32:25.951857
1098,2019100201001709,SAPDBL,32,21,25,127,3175.00,2019-10-02 16:32:25.951857
1099,2019100201001710,SAPDBL,55,21,30,127,3810.00,2019-10-02 16:32:25.951857
1100,2019100201001711,RHPL,57,45,30,160,4800.00,2019-10-02 16:32:25.951857
1101,2019100201001712,ILBS,39,17,10,419,4190.00,2019-10-02 16:32:25.951857
1102,2019100201001713,LLBS,26,38,50,651,32550.00,2019-10-02 16:32:25.951857
1103,2019100201001682,NCCB,28,4,187,197,36839.00,2019-10-02 16:32:25.951857
1104,2019100201001683,NCCB,28,4,200,197,39400.00,2019-10-02 16:32:25.951857
1105,2019100201001684,NCCB,16,4,18,197,3546.00,2019-10-02 16:32:25.951857
1106,2019100201001685,SCB,22,6,50,577,28850.00,2019-10-02 16:32:25.951857
1107,2019100201001686,SCB,38,6,80,577,46160.00,2019-10-02 16:32:25.951857
1108,2019100201001687,SCB,52,6,300,576,172800.00,2019-10-02 16:32:25.951857
1109,2019100201001688,SCB,59,6,151,576,86976.00,2019-10-02 16:32:25.951857
1110,2019100201001689,RHPL,40,17,30,159,4770.00,2019-10-02 16:32:25.951857
1111,2019100201001690,UPPER,49,19,31,235,7285.00,2019-10-02 16:32:25.951857
1112,2019100201001691,UPPER,13,19,217,235,50995.00,2019-10-02 16:32:25.951857
1113,2019100201001692,SJCL,58,17,20,167,3340.00,2019-10-02 16:32:25.951857
1114,2019100201001693,UPCL,49,34,20,79,1580.00,2019-10-02 16:32:25.951857
1115,2019100201001694,UPCL,13,34,30,79,2370.00,2019-10-02 16:32:25.951857
1116,2019100201001695,LBL,14,26,500,213,106500.00,2019-10-02 16:32:25.951857
1117,2019100201001696,EBL,16,44,95,572,54340.00,2019-10-02 16:32:25.951857
1118,2019100201001697,SANIMA,14,25,165,307,50655.00,2019-10-02 16:32:25.951857
1119,2019100201001698,SANIMA,33,25,500,306,153000.00,2019-10-02 16:32:25.951857
1120,2019100201001699,SANIMA,42,25,150,306,45900.00,2019-10-02 16:32:25.951857
1121,2019100201001700,SANIMA,44,25,162,306,49572.00,2019-10-02 16:32:25.951857
1122,2019100201001665,MERO,21,21,2,549,1098.00,2019-10-02 16:32:25.951857
1123,2019100201001666,AKBSL,52,17,10,413,4130.00,2019-10-02 16:32:25.951857
1124,2019100201001667,PRVU,21,34,26,262,6812.00,2019-10-02 16:32:25.951857
1125,2019100201001668,NAGRO,35,35,10,712,7120.00,2019-10-02 16:32:25.951857
1126,2019100201001669,RHPL,40,17,30,159,4770.00,2019-10-02 16:32:25.951857
1127,2019100201001670,GRDBL,29,57,450,105,47250.00,2019-10-02 16:32:25.951857
1128,2019100201001671,BOKL,58,58,43,259,11137.00,2019-10-02 16:32:25.951857
1129,2019100201001672,BOKL,37,58,400,259,103600.00,2019-10-02 16:32:25.951857
1130,2019100201001673,BOKL,6,58,96,259,24864.00,2019-10-02 16:32:25.951857
1131,2019100201001674,SJCL,58,17,20,167,3340.00,2019-10-02 16:32:25.951857
1132,2019100201001675,CZBIL,49,54,40,195,7800.00,2019-10-02 16:32:25.951857
1133,2019100201001676,CZBIL,17,54,15,195,2925.00,2019-10-02 16:32:25.951857
1134,2019100201001677,RHPL,40,41,40,159,6360.00,2019-10-02 16:32:25.951857
1135,2019100201001678,BOKL,49,49,2312,260,601120.00,2019-10-02 16:32:25.951857
1136,2019100201001679,ILBS,39,17,10,419,4190.00,2019-10-02 16:32:25.951857
1137,2019100201001680,NBL,44,44,3240,315,1020600.00,2019-10-02 16:32:25.951857
1138,2019100201001681,HGI,39,54,185,270,49950.00,2019-10-02 16:32:25.951857
1139,2019100201001646,SIL,39,43,100,385,38500.00,2019-10-02 16:32:25.951857
1140,2019100201001647,SIL,39,39,190,385,73150.00,2019-10-02 16:32:25.951857
1141,2019100201001648,SIL,39,39,25,385,9625.00,2019-10-02 16:32:25.951857
1142,2019100201001649,SIL,39,39,39,385,15015.00,2019-10-02 16:32:25.951857
1143,2019100201001650,PIC,17,17,20,371,7420.00,2019-10-02 16:32:25.951857
1144,2019100201001651,SINDU,34,34,10,125,1250.00,2019-10-02 16:32:25.951857
1145,2019100201001652,SBL,32,17,100,332,33200.00,2019-10-02 16:32:25.951857
1146,2019100201001653,SBL,14,17,650,332,215800.00,2019-10-02 16:32:25.951857
1147,2019100201001654,SBL,56,17,150,332,49800.00,2019-10-02 16:32:25.951857
1148,2019100201001655,PFL,48,34,13,133,1729.00,2019-10-02 16:32:25.951857
1149,2019100201001656,NLG,6,41,10,552,5520.00,2019-10-02 16:32:25.951857
1150,2019100201001657,MERO,19,26,20,560,11200.00,2019-10-02 16:32:25.951857
1151,2019100201001658,MERO,19,6,212,560,118720.00,2019-10-02 16:32:25.951857
1152,2019100201001659,PMHPL,17,17,10,90,900.00,2019-10-02 16:32:25.951857
1153,2019100201001660,NGPL,44,44,1023,102,104346.00,2019-10-02 16:32:25.951857
1154,2019100201001661,GILB,57,22,20,710,14200.00,2019-10-02 16:32:25.951857
1155,2019100201001662,GILB,57,22,20,710,14200.00,2019-10-02 16:32:25.951857
1156,2019100201001663,SHIVM,45,25,300,515,154500.00,2019-10-02 16:32:25.951857
1157,2019100201001664,NCCB,28,45,100,197,19700.00,2019-10-02 16:32:25.951857
1158,2019100201001639,RHPL,40,17,30,159,4770.00,2019-10-02 16:32:25.951857
1159,2019100201001640,BOKL,20,37,200,260,52000.00,2019-10-02 16:32:25.951857
1160,2019100201001641,SJCL,58,17,20,167,3340.00,2019-10-02 16:32:25.951857
1161,2019100201001642,MLBL,44,22,29,212,6148.00,2019-10-02 16:32:25.951857
1162,2019100201001643,MLBL,25,22,35,212,7420.00,2019-10-02 16:32:25.951857
1163,2019100201001644,SMB,6,17,10,422,4220.00,2019-10-02 16:32:25.951857
1164,2019100201001645,BOKL,37,37,100,260,26000.00,2019-10-02 16:32:25.951857
1165,2019100201001630,SLBSL,17,17,10,663,6630.00,2019-10-02 16:32:25.951857
1166,2019100201001631,CCBL,59,11,11,155,1705.00,2019-10-02 16:32:25.951857
1167,2019100201001632,CCBL,29,11,53,154,8162.00,2019-10-02 16:32:25.951857
1168,2019100201001633,CBL,29,11,68,143,9724.00,2019-10-02 16:32:25.951857
1169,2019100201001634,SINDU,34,37,20,123,2460.00,2019-10-02 16:32:25.951857
1170,2019100201001635,RRHP,17,17,10,103,1030.00,2019-10-02 16:32:25.951857
1171,2019100201001636,EBL,17,6,65,572,37180.00,2019-10-02 16:32:25.951857
1172,2019100201001637,EBL,16,6,235,572,134420.00,2019-10-02 16:32:25.951857
1173,2019100201001638,BOKL,20,26,800,260,208000.00,2019-10-02 16:32:25.951857
1174,2019100201001622,BPCL,17,17,22,362,7964.00,2019-10-02 16:32:25.951857
1175,2019100201001623,NBL,57,45,130,316,41080.00,2019-10-02 16:32:25.951857
1176,2019100201001624,CZBIL,49,17,10,195,1950.00,2019-10-02 16:32:25.951857
1177,2019100201001625,JBBL,39,11,33,156,5148.00,2019-10-02 16:32:25.951857
1178,2019100201001626,SRBL,44,44,5216,234,1220544.00,2019-10-02 16:32:25.951857
1179,2019100201001627,PIC,39,45,170,372,63240.00,2019-10-02 16:32:25.951857
1180,2019100201001628,EIC,33,32,50,241,12050.00,2019-10-02 16:32:25.951857
1181,2019100201001629,MEGA,32,49,246,193,47478.00,2019-10-02 16:32:25.951857
1182,2019100201001605,PRVU,34,45,667,262,174754.00,2019-10-02 16:32:25.951857
1183,2019100201001606,PRVU,4,45,3000,262,786000.00,2019-10-02 16:32:25.951857
1184,2019100201001607,PRVU,33,45,200,262,52400.00,2019-10-02 16:32:25.951857
1185,2019100201001608,PRVU,16,45,2000,262,524000.00,2019-10-02 16:32:25.951857
1186,2019100201001609,PRVU,29,45,1000,262,262000.00,2019-10-02 16:32:25.951857
1187,2019100201001610,HPPL,4,52,10,147,1470.00,2019-10-02 16:32:25.951857
1188,2019100201001611,EBL,21,25,100,573,57300.00,2019-10-02 16:32:25.951857
1189,2019100201001612,CCBL,59,37,122,155,18910.00,2019-10-02 16:32:25.951857
1190,2019100201001613,ILBS,14,17,10,420,4200.00,2019-10-02 16:32:25.951857
1191,2019100201001614,EBL,22,25,100,573,57300.00,2019-10-02 16:32:25.951857
1192,2019100201001615,SCB,36,51,10,579,5790.00,2019-10-02 16:32:25.951857
1193,2019100201001616,NBB,57,48,1060,210,222600.00,2019-10-02 16:32:25.951857
1194,2019100201001617,NBB,21,48,144,210,30240.00,2019-10-02 16:32:25.951857
1195,2019100201001618,NBB,25,48,796,210,167160.00,2019-10-02 16:32:25.951857
1196,2019100201001619,PMHPL,58,17,10,89,890.00,2019-10-02 16:32:25.951857
1197,2019100201001620,EBL,21,25,100,573,57300.00,2019-10-02 16:32:25.951857
1198,2019100201001621,NCCB,28,11,67,197,13199.00,2019-10-02 16:32:25.951857
1199,2019100201001573,BPCL,17,17,22,362,7964.00,2019-10-02 16:32:25.951857
1200,2019100201001574,EBL,34,25,100,573,57300.00,2019-10-02 16:32:25.951857
1201,2019100201001575,EBL,11,25,100,573,57300.00,2019-10-02 16:32:25.951857
1202,2019100201001576,SMFDB,14,19,200,511,102200.00,2019-10-02 16:32:25.951857
1203,2019100201001577,SHPC,1,28,100,195,19500.00,2019-10-02 16:32:25.951857
1204,2019100201001578,CZBIL,49,17,10,195,1950.00,2019-10-02 16:32:25.951857
1205,2019100201001579,KBL,10,45,81,182,14742.00,2019-10-02 16:32:25.951857
1206,2019100201001580,KBL,10,57,100,182,18200.00,2019-10-02 16:32:25.951857
1207,2019100201001581,KBL,10,50,50,182,9100.00,2019-10-02 16:32:25.951857
1208,2019100201001582,KBL,10,51,100,182,18200.00,2019-10-02 16:32:25.951857
1209,2019100201001583,KBL,10,52,242,182,44044.00,2019-10-02 16:32:25.951857
1210,2019100201001584,KBL,10,20,500,182,91000.00,2019-10-02 16:32:25.951857
1211,2019100201001585,KBL,10,22,500,182,91000.00,2019-10-02 16:32:25.951857
1212,2019100201001586,KBL,10,57,100,183,18300.00,2019-10-02 16:32:25.951857
1213,2019100201001587,KBL,10,42,200,183,36600.00,2019-10-02 16:32:25.951857
1214,2019100201001588,KBL,10,29,1000,183,183000.00,2019-10-02 16:32:25.951857
1215,2019100201001589,KBL,10,49,127,183,23241.00,2019-10-02 16:32:25.951857
1216,2019100201001590,SCB,58,22,150,577,86550.00,2019-10-02 16:32:25.951857
1217,2019100201001591,SHPC,48,28,50,194,9700.00,2019-10-02 16:32:25.951857
1218,2019100201001592,SHPC,46,28,100,193,19300.00,2019-10-02 16:32:25.951857
1219,2019100201001593,SHPC,35,28,20,192,3840.00,2019-10-02 16:32:25.951857
1220,2019100201001594,SHPC,7,28,100,192,19200.00,2019-10-02 16:32:25.951857
1221,2019100201001595,SHPC,48,28,200,192,38400.00,2019-10-02 16:32:25.951857
1222,2019100201001596,SHPC,44,28,200,192,38400.00,2019-10-02 16:32:25.951857
1223,2019100201001597,SHPC,55,28,200,192,38400.00,2019-10-02 16:32:25.951857
1224,2019100201001598,BOKL,48,17,443,259,114737.00,2019-10-02 16:32:25.951857
1225,2019100201001599,BOKL,51,17,500,259,129500.00,2019-10-02 16:32:25.951857
1226,2019100201001600,BOKL,58,17,57,259,14763.00,2019-10-02 16:32:25.951857
1227,2019100201001601,RHPL,40,17,30,159,4770.00,2019-10-02 16:32:25.951857
1228,2019100201001602,SHIVM,41,20,300,515,154500.00,2019-10-02 16:32:25.951857
1229,2019100201001603,SHIVM,41,5,200,515,103000.00,2019-10-02 16:32:25.951857
1230,2019100201001604,SJCL,58,17,20,167,3340.00,2019-10-02 16:32:25.951857
1231,2019100201001545,RHPL,40,17,30,159,4770.00,2019-10-02 16:32:25.951857
1232,2019100201001546,DBBL,57,41,150,128,19200.00,2019-10-02 16:32:25.951857
1233,2019100201001547,DBBL,32,41,50,128,6400.00,2019-10-02 16:32:25.951857
1234,2019100201001548,MEGA,25,49,254,193,49022.00,2019-10-02 16:32:25.951857
1235,2019100201001549,MEGA,28,49,500,193,96500.00,2019-10-02 16:32:25.951857
1236,2019100201001550,SJCL,58,17,20,167,3340.00,2019-10-02 16:32:25.951857
1237,2019100201001551,NGPL,39,34,50,100,5000.00,2019-10-02 16:32:25.951857
1238,2019100201001552,NGPL,29,34,50,100,5000.00,2019-10-02 16:32:25.951857
1239,2019100201001553,NCCB,4,34,220,198,43560.00,2019-10-02 16:32:25.951857
1240,2019100201001554,BOKL,49,41,524,260,136240.00,2019-10-02 16:32:25.951857
1241,2019100201001555,BOKL,49,28,500,260,130000.00,2019-10-02 16:32:25.951857
1242,2019100201001556,BOKL,49,46,319,260,82940.00,2019-10-02 16:32:25.951857
1243,2019100201001557,BOKL,49,26,300,260,78000.00,2019-10-02 16:32:25.951857
1244,2019100201001558,BOKL,49,17,934,260,242840.00,2019-10-02 16:32:25.951857
1245,2019100201001559,BOKL,49,54,500,260,130000.00,2019-10-02 16:32:25.951857
1246,2019100201001560,BOKL,49,25,800,260,208000.00,2019-10-02 16:32:25.951857
1247,2019100201001561,BOKL,49,33,500,260,130000.00,2019-10-02 16:32:25.951857
1248,2019100201001562,BOKL,49,25,111,260,28860.00,2019-10-02 16:32:25.951857
1249,2019100201001563,BOKL,49,26,3000,260,780000.00,2019-10-02 16:32:25.951857
1250,2019100201001564,BOKL,49,49,5228,260,1359280.00,2019-10-02 16:32:25.951857
1251,2019100201001565,ILBS,14,17,10,420,4200.00,2019-10-02 16:32:25.951857
1252,2019100201001566,UPPER,56,22,471,236,111156.00,2019-10-02 16:32:25.951857
1253,2019100201001567,UPPER,49,22,10,235,2350.00,2019-10-02 16:32:25.951857
1254,2019100201001568,UPPER,49,22,440,235,103400.00,2019-10-02 16:32:25.951857
1255,2019100201001569,UPPER,49,22,69,235,16215.00,2019-10-02 16:32:25.951857
1256,2019100201001570,CZBIL,21,4,190,195,37050.00,2019-10-02 16:32:25.951857
1257,2019100201001571,CZBIL,49,4,30,195,5850.00,2019-10-02 16:32:25.951857
1258,2019100201001572,RMDC,39,34,222,610,135420.00,2019-10-02 16:32:25.951857
1259,2019100201001537,GBBL,39,19,1000,213,213000.00,2019-10-02 16:32:25.951857
1260,2019100201001538,NBL,36,45,16,316,5056.00,2019-10-02 16:32:25.951857
1261,2019100201001539,NIL,21,19,100,361,36100.00,2019-10-02 16:32:25.951857
1262,2019100201001540,SABSL,35,35,10,448,4480.00,2019-10-02 16:32:25.951857
1263,2019100201001541,CZBIL,21,17,10,195,1950.00,2019-10-02 16:32:25.951857
1264,2019100201001542,PRVU,36,58,24,263,6312.00,2019-10-02 16:32:25.951857
1265,2019100201001543,AHPC,17,6,20,97,1940.00,2019-10-02 16:32:25.951857
1266,2019100201001544,SABSL,57,17,10,447,4470.00,2019-10-02 16:32:25.951857
1267,2019100201001523,RHPL,40,17,30,159,4770.00,2019-10-02 16:32:25.951857
1268,2019100201001524,MERO,19,56,150,558,83700.00,2019-10-02 16:32:25.951857
1269,2019100201001525,MERO,19,5,20,558,11160.00,2019-10-02 16:32:25.951857
1270,2019100201001526,MERO,19,41,20,558,11160.00,2019-10-02 16:32:25.951857
1271,2019100201001527,MERO,19,6,200,560,112000.00,2019-10-02 16:32:25.951857
1272,2019100201001528,MERO,19,38,100,560,56000.00,2019-10-02 16:32:25.951857
1273,2019100201001529,MERO,19,53,215,560,120400.00,2019-10-02 16:32:25.951857
1274,2019100201001530,KBL,39,35,48,181,8688.00,2019-10-02 16:32:25.951857
1275,2019100201001531,KBL,39,17,669,181,121089.00,2019-10-02 16:32:25.951857
1276,2019100201001532,KBL,39,42,100,181,18100.00,2019-10-02 16:32:25.951857
1277,2019100201001533,SJCL,58,17,10,167,1670.00,2019-10-02 16:32:25.951857
1278,2019100201001534,SIC,50,19,33,468,15444.00,2019-10-02 16:32:25.951857
1279,2019100201001535,SIC,32,19,16,467,7472.00,2019-10-02 16:32:25.951857
1280,2019100201001536,AKJCL,17,17,10,55,550.00,2019-10-02 16:32:25.951857
1281,2019100201001509,BOKL,42,58,1443,259,373737.00,2019-10-02 16:32:25.951857
1282,2019100201001510,BOKL,48,58,557,259,144263.00,2019-10-02 16:32:25.951857
1283,2019100201001511,SLBSL,29,17,10,675,6750.00,2019-10-02 16:32:25.951857
1284,2019100201001512,PCBL,39,26,90,269,24210.00,2019-10-02 16:32:25.951857
1285,2019100201001513,PCBL,39,58,930,270,251100.00,2019-10-02 16:32:25.951857
1286,2019100201001514,RHPL,40,17,30,159,4770.00,2019-10-02 16:32:25.951857
1287,2019100201001515,SJCL,58,17,20,167,3340.00,2019-10-02 16:32:25.951857
1288,2019100201001516,GBBL,4,19,24,212,5088.00,2019-10-02 16:32:25.951857
1289,2019100201001517,GBBL,38,19,300,212,63600.00,2019-10-02 16:32:25.951857
1290,2019100201001518,GBBL,14,19,176,212,37312.00,2019-10-02 16:32:25.951857
1291,2019100201001519,NBL,57,34,50,315,15750.00,2019-10-02 16:32:25.951857
1292,2019100201001520,SBI,14,25,30,407,12210.00,2019-10-02 16:32:25.951857
1293,2019100201001521,PLIC,14,17,252,329,82908.00,2019-10-02 16:32:25.951857
1294,2019100201001522,PLIC,14,37,440,330,145200.00,2019-10-02 16:32:25.951857
1295,2019100201001494,AKBSL,52,17,10,413,4130.00,2019-10-02 16:32:25.951857
1296,2019100201001495,KBL,55,40,222,180,39960.00,2019-10-02 16:32:25.951857
1297,2019100201001496,NAGRO,34,6,10,715,7150.00,2019-10-02 16:32:25.951857
1298,2019100201001497,NICA,33,55,125,383,47875.00,2019-10-02 16:32:25.951857
1299,2019100201001498,NICA,17,55,15,383,5745.00,2019-10-02 16:32:25.951857
1300,2019100201001499,NICA,50,55,500,383,191500.00,2019-10-02 16:32:25.951857
1301,2019100201001500,RHPL,40,17,30,159,4770.00,2019-10-02 16:32:25.951857
1302,2019100201001501,SBI,14,33,20,407,8140.00,2019-10-02 16:32:25.951857
1303,2019100201001502,SBI,14,58,703,407,286121.00,2019-10-02 16:32:25.951857
1304,2019100201001503,SBI,14,29,80,407,32560.00,2019-10-02 16:32:25.951857
1305,2019100201001504,NLG,44,44,13156,555,7301580.00,2019-10-02 16:32:25.951857
1306,2019100201001505,SJCL,58,17,20,167,3340.00,2019-10-02 16:32:25.951857
1307,2019100201001506,SBL,11,22,300,333,99900.00,2019-10-02 16:32:25.951857
1308,2019100201001507,SBI,14,56,121,407,49247.00,2019-10-02 16:32:25.951857
1309,2019100201001508,ILBS,14,17,10,420,4200.00,2019-10-02 16:32:25.951857
1310,2019100201001481,SCB,36,51,4,565,2260.00,2019-10-02 16:32:25.951857
1311,2019100201001482,CIT,26,52,30,1811,54330.00,2019-10-02 16:32:25.951857
1312,2019100201001483,CIT,19,52,60,1810,108600.00,2019-10-02 16:32:25.951857
1313,2019100201001484,SJCL,58,17,20,167,3340.00,2019-10-02 16:32:25.951857
1314,2019100201001485,AHPC,51,6,100,97,9700.00,2019-10-02 16:32:25.951857
1315,2019100201001486,ADBL,39,40,553,416,230048.00,2019-10-02 16:32:25.951857
1316,2019100201001487,HBL,52,56,20,509,10180.00,2019-10-02 16:32:25.951857
1317,2019100201001488,HBL,52,44,1000,510,510000.00,2019-10-02 16:32:25.951857
1318,2019100201001489,SLBBL,6,19,100,532,53200.00,2019-10-02 16:32:25.951857
1319,2019100201001490,SLBSL,55,17,10,675,6750.00,2019-10-02 16:32:25.951857
1320,2019100201001491,BFC,8,57,20,90,1800.00,2019-10-02 16:32:25.951857
1321,2019100201001492,BFC,52,57,100,90,9000.00,2019-10-02 16:32:25.951857
1322,2019100201001493,BFC,52,57,689,90,62010.00,2019-10-02 16:32:25.951857
1323,2019100201001468,SMFDB,47,19,50,502,25100.00,2019-10-02 16:32:25.951857
1324,2019100201001469,SMFDB,29,19,150,501,75150.00,2019-10-02 16:32:25.951857
1325,2019100201001470,NICA,47,26,100,384,38400.00,2019-10-02 16:32:25.951857
