S.N,Contract_No,Stock_Symbol,Buyer_Broker,Seller_Broker,Quantity,Rate,Amount,Date
1,2019110301004027,ILBS,39,44,10,438,4380.00,2019-11-03 23:25:28.979655
2,2019110301004028,RHPL,55,43,40,171,6840.00,2019-11-03 23:25:28.979655
3,2019110301004029,MEGA,34,13,500,190,95000.00,2019-11-03 23:25:28.979655
4,2019110301004030,MEGA,47,13,500,190,95000.00,2019-11-03 23:25:28.979655
5,2019110301004031,PRVU,36,53,850,267,226950.00,2019-11-03 23:25:28.979655
6,2019110301004032,PRVU,38,53,55,267,14685.00,2019-11-03 23:25:28.979655
7,2019110301004033,PRVU,22,53,95,267,25365.00,2019-11-03 23:25:28.979655
8,2019110301004034,SABSL,32,34,10,450,4500.00,2019-11-03 23:25:28.979655
9,2019110301004035,UNHPL,21,42,100,55,5500.00,2019-11-03 23:25:28.979655
10,2019110301004036,UNHPL,21,56,50,55,2750.00,2019-11-03 23:25:28.979655
11,2019110301004037,SJCL,10,43,20,168,3360.00,2019-11-03 23:25:28.979655
12,2019110301004038,JFL,32,32,500,192,96000.00,2019-11-03 23:25:28.979655
13,2019110301004039,CCBL,45,34,27,155,4185.00,2019-11-03 23:25:28.979655
14,2019110301004040,SKBBL,50,52,20,932,18640.00,2019-11-03 23:25:28.979655
15,2019110301004041,SJCL,16,40,10,167,1670.00,2019-11-03 23:25:28.979655
16,2019110301004042,NTC,59,44,10,633,6330.00,2019-11-03 23:25:28.979655
17,2019110301004043,SHL,32,58,200,208,41600.00,2019-11-03 23:25:28.979655
18,2019110301004044,NIB,45,45,44,442,19448.00,2019-11-03 23:25:28.979655
19,2019110301004045,NABIL,44,49,100,754,75400.00,2019-11-03 23:25:28.979655
20,2019110301004046,NABIL,7,49,50,753,37650.00,2019-11-03 23:25:28.979655
21,2019110301004047,NABIL,44,49,21,753,15813.00,2019-11-03 23:25:28.979655
22,2019110301004048,NABIL,35,49,29,752,21808.00,2019-11-03 23:25:28.979655
23,2019110301004049,SABSL,32,34,10,450,4500.00,2019-11-03 23:25:28.979655
24,2019110301004050,SJCL,16,40,10,167,1670.00,2019-11-03 23:25:28.979655
25,2019110301004051,SJCL,10,40,10,169,1690.00,2019-11-03 23:25:28.979655
26,2019110301004052,NLICL,25,42,10,432,4320.00,2019-11-03 23:25:28.979655
27,2019110301004053,SHIVM,42,37,100,485,48500.00,2019-11-03 23:25:28.979655
28,2019110301004054,SHIVM,50,37,79,484,38236.00,2019-11-03 23:25:28.979655
29,2019110301004055,SHIVM,35,37,200,484,96800.00,2019-11-03 23:25:28.979655
30,2019110301004056,SHIVM,57,37,200,484,96800.00,2019-11-03 23:25:28.979655
31,2019110301004057,SHIVM,32,37,120,484,58080.00,2019-11-03 23:25:28.979655
32,2019110301004058,SHIVM,34,37,301,484,145684.00,2019-11-03 23:25:28.979655
33,2019110301004059,AKBSL,43,58,10,410,4100.00,2019-11-03 23:25:28.979655
34,2019110301004060,NICA,43,39,20,405,8100.00,2019-11-03 23:25:28.979655
35,2019110301004061,NABIL,58,53,20,759,15180.00,2019-11-03 23:25:28.979655
36,2019110301004062,NABIL,58,42,10,760,7600.00,2019-11-03 23:25:28.979655
37,2019110301004063,PRIN,49,50,100,310,31000.00,2019-11-03 23:25:28.979655
38,2019110301004064,SJCL,16,40,20,167,3340.00,2019-11-03 23:25:28.979655
39,2019110301004065,SABSL,32,34,10,450,4500.00,2019-11-03 23:25:28.979655
40,2019110301004066,HDL,35,5,100,1453,145300.00,2019-11-03 23:25:28.979655
41,2019110301004067,HDL,35,5,100,1453,145300.00,2019-11-03 23:25:28.979655
42,2019110301004068,ILBS,39,55,20,438,8760.00,2019-11-03 23:25:28.979655
43,2019110301004069,SABSL,10,50,10,458,4580.00,2019-11-03 23:25:28.979655
44,2019110301004070,SHIVM,34,37,100,485,48500.00,2019-11-03 23:25:28.979655
45,2019110301004071,SCB,37,44,10,558,5580.00,2019-11-03 23:25:28.979655
46,2019110301004072,AKBSL,43,43,10,411,4110.00,2019-11-03 23:25:28.979655
47,2019110301004073,NCCB,33,39,10,203,2030.00,2019-11-03 23:25:28.979655
48,2019110301004074,NLICL,45,22,100,421,42100.00,2019-11-03 23:25:28.979655
49,2019110301004075,NLICL,22,22,800,421,336800.00,2019-11-03 23:25:28.979655
50,2019110301004076,SHIVM,48,37,10,485,4850.00,2019-11-03 23:25:28.979655
51,2019110301004077,PRVU,35,58,300,267,80100.00,2019-11-03 23:25:28.979655
52,2019110301004078,PRVU,28,58,178,267,47526.00,2019-11-03 23:25:28.979655
53,2019110301004079,MEGA,42,38,46,191,8786.00,2019-11-03 23:25:28.979655
54,2019110301004080,MSLB,50,10,10,863,8630.00,2019-11-03 23:25:28.979655
55,2019110301003980,AKPL,52,28,46,130,5980.00,2019-11-03 23:25:28.979655
56,2019110301003981,BOKL,44,25,50,225,11250.00,2019-11-03 23:25:28.979655
57,2019110301003982,SJCL,16,40,20,167,3340.00,2019-11-03 23:25:28.979655
58,2019110301003983,NHPC,20,56,90,53,4770.00,2019-11-03 23:25:28.979655
59,2019110301003984,CCBL,21,17,350,155,54250.00,2019-11-03 23:25:28.979655
60,2019110301003985,CCBL,45,17,180,155,27900.00,2019-11-03 23:25:28.979655
61,2019110301003986,NADEP,17,17,20,391,7820.00,2019-11-03 23:25:28.979655
62,2019110301003987,SJCL,16,40,20,167,3340.00,2019-11-03 23:25:28.979655
63,2019110301003988,NIB,28,6,989,441,436149.00,2019-11-03 23:25:28.979655
64,2019110301003989,NLIC,34,45,10,803,8030.00,2019-11-03 23:25:28.979655
65,2019110301003990,API,55,34,17,108,1836.00,2019-11-03 23:25:28.979655
66,2019110301003991,MEGA,22,38,500,191,95500.00,2019-11-03 23:25:28.979655
67,2019110301003992,BPCL,33,28,10,364,3640.00,2019-11-03 23:25:28.979655
68,2019110301003993,PRVU,25,4,18,268,4824.00,2019-11-03 23:25:28.979655
69,2019110301003994,PCBL,39,22,50,261,13050.00,2019-11-03 23:25:28.979655
70,2019110301003995,BPCL,25,28,10,364,3640.00,2019-11-03 23:25:28.979655
71,2019110301003996,SJCL,16,40,20,167,3340.00,2019-11-03 23:25:28.979655
72,2019110301003997,NMBMF,45,18,10,495,4950.00,2019-11-03 23:25:28.979655
73,2019110301003998,NMBMF,45,18,10,495,4950.00,2019-11-03 23:25:28.979655
74,2019110301003999,GBBL,5,10,27,222,5994.00,2019-11-03 23:25:28.979655
75,2019110301004000,GBBL,5,10,173,222,38406.00,2019-11-03 23:25:28.979655
76,2019110301004001,MLBL,4,47,100,213,21300.00,2019-11-03 23:25:28.979655
77,2019110301004002,NCCB,44,56,3000,202,606000.00,2019-11-03 23:25:28.979655
78,2019110301004003,SLICL,51,17,88,258,22704.00,2019-11-03 23:25:28.979655
79,2019110301004004,SLICL,39,17,100,258,25800.00,2019-11-03 23:25:28.979655
80,2019110301004005,SLICL,35,17,100,258,25800.00,2019-11-03 23:25:28.979655
81,2019110301004006,SLICL,44,17,24,258,6192.00,2019-11-03 23:25:28.979655
82,2019110301004007,SRBL,21,17,375,207,77625.00,2019-11-03 23:25:28.979655
83,2019110301004008,PRVU,13,4,100,268,26800.00,2019-11-03 23:25:28.979655
84,2019110301004009,API,25,22,10,110,1100.00,2019-11-03 23:25:28.979655
85,2019110301004010,NLICL,22,22,90,425,38250.00,2019-11-03 23:25:28.979655
86,2019110301004011,NIB,28,21,300,441,132300.00,2019-11-03 23:25:28.979655
87,2019110301004012,BPCL,13,28,44,364,16016.00,2019-11-03 23:25:28.979655
88,2019110301004013,NTC,19,59,200,625,125000.00,2019-11-03 23:25:28.979655
89,2019110301004014,NTC,43,59,250,625,156250.00,2019-11-03 23:25:28.979655
90,2019110301004015,NUBL,11,16,30,879,26370.00,2019-11-03 23:25:28.979655
91,2019110301004016,LBL,32,14,50,222,11100.00,2019-11-03 23:25:28.979655
92,2019110301004017,LBL,32,49,200,222,44400.00,2019-11-03 23:25:28.979655
93,2019110301004018,LBL,32,37,414,222,91908.00,2019-11-03 23:25:28.979655
94,2019110301004019,CCBL,45,45,122,156,19032.00,2019-11-03 23:25:28.979655
95,2019110301004020,DBBL,42,34,80,125,10000.00,2019-11-03 23:25:28.979655
96,2019110301004021,RHPL,55,43,40,171,6840.00,2019-11-03 23:25:28.979655
97,2019110301004022,SJCL,16,40,20,167,3340.00,2019-11-03 23:25:28.979655
98,2019110301004023,AKBSL,35,56,10,409,4090.00,2019-11-03 23:25:28.979655
99,2019110301004024,AKBSL,48,56,60,408,24480.00,2019-11-03 23:25:28.979655
100,2019110301004025,SHL,44,44,13000,206,2678000.00,2019-11-03 23:25:28.979655
101,2019110301004026,SJCL,16,40,20,167,3340.00,2019-11-03 23:25:28.979655
102,2019110301003947,SCB,1,19,20,557,11140.00,2019-11-03 23:25:28.979655
103,2019110301003948,SJCL,16,40,20,167,3340.00,2019-11-03 23:25:28.979655
104,2019110301003949,JBBL,13,11,239,156,37284.00,2019-11-03 23:25:28.979655
105,2019110301003950,NUBL,29,16,200,879,175800.00,2019-11-03 23:25:28.979655
106,2019110301003951,KBL,50,4,140,180,25200.00,2019-11-03 23:25:28.979655
107,2019110301003952,MEGA,43,38,10,191,1910.00,2019-11-03 23:25:28.979655
108,2019110301003953,PRVU,14,4,50,268,13400.00,2019-11-03 23:25:28.979655
109,2019110301003954,SJCL,16,40,20,167,3340.00,2019-11-03 23:25:28.979655
110,2019110301003955,NLICL,43,42,10,432,4320.00,2019-11-03 23:25:28.979655
111,2019110301003956,NLIC,34,37,50,800,40000.00,2019-11-03 23:25:28.979655
112,2019110301003957,NLIC,34,43,25,802,20050.00,2019-11-03 23:25:28.979655
113,2019110301003958,PCBL,38,53,300,262,78600.00,2019-11-03 23:25:28.979655
114,2019110301003959,PCBL,34,53,100,262,26200.00,2019-11-03 23:25:28.979655
115,2019110301003960,PCBL,40,53,30,262,7860.00,2019-11-03 23:25:28.979655
116,2019110301003961,PCBL,50,53,300,261,78300.00,2019-11-03 23:25:28.979655
117,2019110301003962,PCBL,28,53,50,261,13050.00,2019-11-03 23:25:28.979655
118,2019110301003963,PCBL,32,53,500,261,130500.00,2019-11-03 23:25:28.979655
119,2019110301003964,PCBL,39,53,200,261,52200.00,2019-11-03 23:25:28.979655
120,2019110301003965,PCBL,25,53,200,261,52200.00,2019-11-03 23:25:28.979655
121,2019110301003966,PCBL,5,53,100,261,26100.00,2019-11-03 23:25:28.979655
122,2019110301003967,PCBL,13,53,500,261,130500.00,2019-11-03 23:25:28.979655
123,2019110301003968,PCBL,39,53,1720,261,448920.00,2019-11-03 23:25:28.979655
124,2019110301003969,GLBSL,7,44,10,418,4180.00,2019-11-03 23:25:28.979655
125,2019110301003970,SJCL,16,40,10,167,1670.00,2019-11-03 23:25:28.979655
126,2019110301003971,GILB,22,11,100,756,75600.00,2019-11-03 23:25:28.979655
127,2019110301003972,GILB,42,11,20,755,15100.00,2019-11-03 23:25:28.979655
128,2019110301003973,GILB,5,11,80,755,60400.00,2019-11-03 23:25:28.979655
129,2019110301003974,NTC,43,44,10,633,6330.00,2019-11-03 23:25:28.979655
130,2019110301003975,NICA,44,21,117,404,47268.00,2019-11-03 23:25:28.979655
131,2019110301003976,NICA,52,21,183,404,73932.00,2019-11-03 23:25:28.979655
132,2019110301003977,SWBBL,38,46,195,900,175500.00,2019-11-03 23:25:28.979655
133,2019110301003978,FMDBL,47,51,10,309,3090.00,2019-11-03 23:25:28.979655
134,2019110301003979,CBBL,39,53,100,972,97200.00,2019-11-03 23:25:28.979655
135,2019110301003904,MLBL,20,47,300,213,63900.00,2019-11-03 23:25:28.979655
136,2019110301003905,API,25,8,253,109,27577.00,2019-11-03 23:25:28.979655
137,2019110301003906,API,25,29,200,109,21800.00,2019-11-03 23:25:28.979655
138,2019110301003907,API,25,22,17,110,1870.00,2019-11-03 23:25:28.979655
139,2019110301003908,MNBBL,28,22,235,318,74730.00,2019-11-03 23:25:28.979655
140,2019110301003909,SJCL,16,40,10,167,1670.00,2019-11-03 23:25:28.979655
141,2019110301003910,RHPL,16,58,10,171,1710.00,2019-11-03 23:25:28.979655
142,2019110301003911,SJCL,16,40,20,167,3340.00,2019-11-03 23:25:28.979655
143,2019110301003912,LGIL,44,11,290,316,91640.00,2019-11-03 23:25:28.979655
144,2019110301003913,HIDCL,47,57,500,132,66000.00,2019-11-03 23:25:28.979655
145,2019110301003914,HIDCL,39,57,900,132,118800.00,2019-11-03 23:25:28.979655
146,2019110301003915,HIDCL,52,57,100,132,13200.00,2019-11-03 23:25:28.979655
147,2019110301003916,HIDCL,51,57,448,132,59136.00,2019-11-03 23:25:28.979655
148,2019110301003917,SJCL,16,58,10,167,1670.00,2019-11-03 23:25:28.979655
149,2019110301003918,NIB,28,34,203,441,89523.00,2019-11-03 23:25:28.979655
150,2019110301003919,CCBL,21,17,11,155,1705.00,2019-11-03 23:25:28.979655
151,2019110301003920,RHPL,16,44,30,171,5130.00,2019-11-03 23:25:28.979655
152,2019110301003921,SANIMA,51,25,20,308,6160.00,2019-11-03 23:25:28.979655
153,2019110301003922,BOKL,21,25,50,225,11250.00,2019-11-03 23:25:28.979655
154,2019110301003923,BOKL,44,25,50,225,11250.00,2019-11-03 23:25:28.979655
155,2019110301003924,PLIC,43,28,65,310,20150.00,2019-11-03 23:25:28.979655
156,2019110301003925,PLIC,28,28,64,309,19776.00,2019-11-03 23:25:28.979655
157,2019110301003926,CHCL,25,16,10,433,4330.00,2019-11-03 23:25:28.979655
158,2019110301003927,PRVU,29,44,50,268,13400.00,2019-11-03 23:25:28.979655
159,2019110301003928,PRVU,29,4,250,268,67000.00,2019-11-03 23:25:28.979655
160,2019110301003929,PRVU,42,4,200,268,53600.00,2019-11-03 23:25:28.979655
161,2019110301003930,PRVU,58,4,200,268,53600.00,2019-11-03 23:25:28.979655
162,2019110301003931,SJCL,16,40,10,167,1670.00,2019-11-03 23:25:28.979655
163,2019110301003932,HPPL,45,19,10,137,1370.00,2019-11-03 23:25:28.979655
164,2019110301003933,RHPL,16,58,10,171,1710.00,2019-11-03 23:25:28.979655
165,2019110301003934,MLBBL,48,22,100,424,42400.00,2019-11-03 23:25:28.979655
166,2019110301003935,EDBL,13,45,222,266,59052.00,2019-11-03 23:25:28.979655
167,2019110301003936,EDBL,32,45,178,265,47170.00,2019-11-03 23:25:28.979655
168,2019110301003937,ALICL,16,19,36,310,11160.00,2019-11-03 23:25:28.979655
169,2019110301003938,RHPL,16,44,30,171,5130.00,2019-11-03 23:25:28.979655
170,2019110301003939,NSEWA,42,19,10,375,3750.00,2019-11-03 23:25:28.979655
171,2019110301003940,SJCL,16,58,10,167,1670.00,2019-11-03 23:25:28.979655
172,2019110301003941,PRVU,45,29,1250,267,333750.00,2019-11-03 23:25:28.979655
173,2019110301003942,PRVU,35,29,500,267,133500.00,2019-11-03 23:25:28.979655
174,2019110301003943,PRVU,47,29,100,267,26700.00,2019-11-03 23:25:28.979655
175,2019110301003944,PRVU,36,29,150,267,40050.00,2019-11-03 23:25:28.979655
176,2019110301003945,SJCL,16,40,20,167,3340.00,2019-11-03 23:25:28.979655
177,2019110301003946,LBBL,51,44,19,172,3268.00,2019-11-03 23:25:28.979655
178,2019110301003862,FOWAD,45,43,10,1270,12700.00,2019-11-03 23:25:28.979655
179,2019110301003863,SJCL,16,58,10,167,1670.00,2019-11-03 23:25:28.979655
180,2019110301003864,RHPL,16,44,30,171,5130.00,2019-11-03 23:25:28.979655
181,2019110301003865,SJCL,16,40,20,167,3340.00,2019-11-03 23:25:28.979655
182,2019110301003866,NBL,32,20,401,315,126315.00,2019-11-03 23:25:28.979655
183,2019110301003867,NBL,32,34,86,315,27090.00,2019-11-03 23:25:28.979655
184,2019110301003868,CCBL,51,13,309,156,48204.00,2019-11-03 23:25:28.979655
185,2019110301003869,CCBL,51,37,200,156,31200.00,2019-11-03 23:25:28.979655
186,2019110301003870,CCBL,51,39,106,156,16536.00,2019-11-03 23:25:28.979655
187,2019110301003871,CIT,25,57,30,1796,53880.00,2019-11-03 23:25:28.979655
188,2019110301003872,CIT,22,57,30,1795,53850.00,2019-11-03 23:25:28.979655
189,2019110301003873,CIT,22,57,30,1795,53850.00,2019-11-03 23:25:28.979655
190,2019110301003874,CIT,14,57,25,1793,44825.00,2019-11-03 23:25:28.979655
191,2019110301003875,CIT,34,57,11,1792,19712.00,2019-11-03 23:25:28.979655
192,2019110301003876,CIT,5,57,38,1792,68096.00,2019-11-03 23:25:28.979655
193,2019110301003877,CCBL,51,4,85,156,13260.00,2019-11-03 23:25:28.979655
194,2019110301003878,CCBL,21,4,15,155,2325.00,2019-11-03 23:25:28.979655
195,2019110301003879,SJCL,16,40,20,167,3340.00,2019-11-03 23:25:28.979655
196,2019110301003880,RHPL,16,58,10,171,1710.00,2019-11-03 23:25:28.979655
197,2019110301003881,MNBBL,28,40,548,317,173716.00,2019-11-03 23:25:28.979655
198,2019110301003882,MNBBL,28,59,200,318,63600.00,2019-11-03 23:25:28.979655
199,2019110301003883,ADBL,42,6,60,412,24720.00,2019-11-03 23:25:28.979655
200,2019110301003884,SJCL,16,40,20,167,3340.00,2019-11-03 23:25:28.979655
201,2019110301003885,PFL,13,17,78,132,10296.00,2019-11-03 23:25:28.979655
202,2019110301003886,RHPL,16,44,30,171,5130.00,2019-11-03 23:25:28.979655
203,2019110301003887,NCCB,8,49,20,203,4060.00,2019-11-03 23:25:28.979655
204,2019110301003888,NCCB,8,25,200,203,40600.00,2019-11-03 23:25:28.979655
205,2019110301003889,NCCB,8,58,200,203,40600.00,2019-11-03 23:25:28.979655
206,2019110301003890,NCCB,8,47,1000,203,203000.00,2019-11-03 23:25:28.979655
207,2019110301003891,NCCB,8,39,580,203,117740.00,2019-11-03 23:25:28.979655
208,2019110301003892,SJCL,16,58,10,167,1670.00,2019-11-03 23:25:28.979655
209,2019110301003893,MEGA,34,8,500,190,95000.00,2019-11-03 23:25:28.979655
210,2019110301003894,MEGA,34,35,1000,190,190000.00,2019-11-03 23:25:28.979655
211,2019110301003895,API,6,25,83,108,8964.00,2019-11-03 23:25:28.979655
212,2019110301003896,API,43,25,100,108,10800.00,2019-11-03 23:25:28.979655
213,2019110301003897,API,55,25,736,108,79488.00,2019-11-03 23:25:28.979655
214,2019110301003898,SJCL,16,40,20,167,3340.00,2019-11-03 23:25:28.979655
215,2019110301003899,HIDCL,52,34,61,132,8052.00,2019-11-03 23:25:28.979655
216,2019110301003900,NICA,51,39,20,405,8100.00,2019-11-03 23:25:28.979655
217,2019110301003901,CZBIL,51,4,380,192,72960.00,2019-11-03 23:25:28.979655
218,2019110301003902,RHPL,16,44,30,171,5130.00,2019-11-03 23:25:28.979655
219,2019110301003903,NLICL,22,11,90,430,38700.00,2019-11-03 23:25:28.979655
220,2019110301003829,SJCL,16,58,10,167,1670.00,2019-11-03 23:25:28.979655
221,2019110301003830,SHIVM,6,26,20,487,9740.00,2019-11-03 23:25:28.979655
222,2019110301003831,RHPL,16,44,30,171,5130.00,2019-11-03 23:25:28.979655
223,2019110301003832,SJCL,16,17,10,167,1670.00,2019-11-03 23:25:28.979655
224,2019110301003833,SJCL,16,40,20,167,3340.00,2019-11-03 23:25:28.979655
225,2019110301003834,CLBSL,45,34,10,444,4440.00,2019-11-03 23:25:28.979655
226,2019110301003835,SJCL,16,40,20,167,3340.00,2019-11-03 23:25:28.979655
227,2019110301003836,PRVU,1,44,1500,268,402000.00,2019-11-03 23:25:28.979655
228,2019110301003837,MNBBL,21,40,100,317,31700.00,2019-11-03 23:25:28.979655
229,2019110301003838,CHCL,20,22,500,428,214000.00,2019-11-03 23:25:28.979655
230,2019110301003839,LBL,10,51,300,221,66300.00,2019-11-03 23:25:28.979655
231,2019110301003840,LBL,10,25,400,221,88400.00,2019-11-03 23:25:28.979655
232,2019110301003841,LBL,10,32,855,221,188955.00,2019-11-03 23:25:28.979655
233,2019110301003842,LBL,10,42,50,221,11050.00,2019-11-03 23:25:28.979655
234,2019110301003843,RMDC,33,45,20,610,12200.00,2019-11-03 23:25:28.979655
235,2019110301003844,PLIC,41,57,20,313,6260.00,2019-11-03 23:25:28.979655
236,2019110301003845,PLIC,16,57,20,311,6220.00,2019-11-03 23:25:28.979655
237,2019110301003846,PLIC,4,57,100,311,31100.00,2019-11-03 23:25:28.979655
238,2019110301003847,PLIC,13,57,100,311,31100.00,2019-11-03 23:25:28.979655
239,2019110301003848,PLIC,4,57,75,311,23325.00,2019-11-03 23:25:28.979655
240,2019110301003849,PLIC,28,57,50,310,15500.00,2019-11-03 23:25:28.979655
241,2019110301003850,PLIC,6,57,1000,310,310000.00,2019-11-03 23:25:28.979655
242,2019110301003851,PLIC,43,57,135,310,41850.00,2019-11-03 23:25:28.979655
243,2019110301003852,MNBBL,16,40,102,317,32334.00,2019-11-03 23:25:28.979655
244,2019110301003853,SJCL,16,40,20,167,3340.00,2019-11-03 23:25:28.979655
245,2019110301003854,SAPDBL,32,46,120,121,14520.00,2019-11-03 23:25:28.979655
246,2019110301003855,NCCB,44,45,38,202,7676.00,2019-11-03 23:25:28.979655
247,2019110301003856,NCCB,44,16,158,202,31916.00,2019-11-03 23:25:28.979655
248,2019110301003857,SJCL,16,40,20,167,3340.00,2019-11-03 23:25:28.979655
249,2019110301003858,ICFC,40,39,296,160,47360.00,2019-11-03 23:25:28.979655
250,2019110301003859,MERO,36,1,50,559,27950.00,2019-11-03 23:25:28.979655
251,2019110301003860,EBL,58,38,10,559,5590.00,2019-11-03 23:25:28.979655
252,2019110301003861,RHPL,16,58,10,171,1710.00,2019-11-03 23:25:28.979655
253,2019110301003778,NBL,32,21,100,314,31400.00,2019-11-03 23:25:28.979655
254,2019110301003779,SJCL,16,32,20,167,3340.00,2019-11-03 23:25:28.979655
255,2019110301003780,SICL,39,53,100,731,73100.00,2019-11-03 23:25:28.979655
256,2019110301003781,SJCL,16,58,10,167,1670.00,2019-11-03 23:25:28.979655
257,2019110301003782,SJCL,16,40,20,167,3340.00,2019-11-03 23:25:28.979655
258,2019110301003783,ADBL,45,39,130,412,53560.00,2019-11-03 23:25:28.979655
259,2019110301003784,ADBL,41,39,2,412,824.00,2019-11-03 23:25:28.979655
260,2019110301003785,API,6,34,17,108,1836.00,2019-11-03 23:25:28.979655
261,2019110301003786,ILBS,17,17,10,439,4390.00,2019-11-03 23:25:28.979655
262,2019110301003787,RHPL,16,44,30,171,5130.00,2019-11-03 23:25:28.979655
263,2019110301003788,NMFBS,10,49,30,1706,51180.00,2019-11-03 23:25:28.979655
264,2019110301003789,NMFBS,56,49,15,1701,25515.00,2019-11-03 23:25:28.979655
265,2019110301003790,NMFBS,56,49,25,1701,42525.00,2019-11-03 23:25:28.979655
266,2019110301003791,SJCL,16,40,10,167,1670.00,2019-11-03 23:25:28.979655
267,2019110301003792,SJCL,16,32,20,167,3340.00,2019-11-03 23:25:28.979655
268,2019110301003793,CBBL,13,4,20,971,19420.00,2019-11-03 23:25:28.979655
269,2019110301003794,PRVU,57,44,250,268,67000.00,2019-11-03 23:25:28.979655
270,2019110301003795,CHCL,20,42,90,423,38070.00,2019-11-03 23:25:28.979655
271,2019110301003796,CHCL,20,52,98,423,41454.00,2019-11-03 23:25:28.979655
272,2019110301003797,CHCL,20,22,500,423,211500.00,2019-11-03 23:25:28.979655
273,2019110301003798,CHCL,20,49,880,426,374880.00,2019-11-03 23:25:28.979655
274,2019110301003799,CHCL,20,52,50,428,21400.00,2019-11-03 23:25:28.979655
275,2019110301003800,CHCL,20,37,50,428,21400.00,2019-11-03 23:25:28.979655
276,2019110301003801,RHPL,16,17,30,171,5130.00,2019-11-03 23:25:28.979655
277,2019110301003802,SHIVM,59,48,50,486,24300.00,2019-11-03 23:25:28.979655
278,2019110301003803,SHIVM,34,48,50,486,24300.00,2019-11-03 23:25:28.979655
279,2019110301003804,SHIVM,57,48,200,486,97200.00,2019-11-03 23:25:28.979655
280,2019110301003805,SHIVM,34,48,100,486,48600.00,2019-11-03 23:25:28.979655
281,2019110301003806,SHIVM,39,48,435,485,210975.00,2019-11-03 23:25:28.979655
282,2019110301003807,SHIVM,57,48,200,485,97000.00,2019-11-03 23:25:28.979655
283,2019110301003808,SHIVM,22,48,200,485,97000.00,2019-11-03 23:25:28.979655
284,2019110301003809,SHIVM,29,48,100,485,48500.00,2019-11-03 23:25:28.979655
285,2019110301003810,SHIVM,38,48,10,485,4850.00,2019-11-03 23:25:28.979655
286,2019110301003811,SHIVM,37,48,100,485,48500.00,2019-11-03 23:25:28.979655
287,2019110301003812,SHIVM,34,48,200,485,97000.00,2019-11-03 23:25:28.979655
288,2019110301003813,SHIVM,45,48,50,484,24200.00,2019-11-03 23:25:28.979655
289,2019110301003814,SHIVM,50,48,51,484,24684.00,2019-11-03 23:25:28.979655
290,2019110301003815,SJCL,16,40,10,167,1670.00,2019-11-03 23:25:28.979655
291,2019110301003816,SJCL,16,32,20,167,3340.00,2019-11-03 23:25:28.979655
292,2019110301003817,SRBL,38,17,500,207,103500.00,2019-11-03 23:25:28.979655
293,2019110301003818,SRBL,14,17,100,207,20700.00,2019-11-03 23:25:28.979655
294,2019110301003819,SRBL,21,17,300,207,62100.00,2019-11-03 23:25:28.979655
295,2019110301003820,SRBL,21,17,25,207,5175.00,2019-11-03 23:25:28.979655
296,2019110301003821,MHNL,22,39,10,80,800.00,2019-11-03 23:25:28.979655
297,2019110301003822,MHNL,19,39,100,80,8000.00,2019-11-03 23:25:28.979655
298,2019110301003823,MHNL,47,39,400,80,32000.00,2019-11-03 23:25:28.979655
299,2019110301003824,BOKL,39,43,100,226,22600.00,2019-11-03 23:25:28.979655
300,2019110301003825,NIL,49,49,175,375,65625.00,2019-11-03 23:25:28.979655
301,2019110301003826,RHPL,16,58,10,171,1710.00,2019-11-03 23:25:28.979655
302,2019110301003827,SJCL,16,40,20,167,3340.00,2019-11-03 23:25:28.979655
303,2019110301003828,SHIVM,58,26,50,487,24350.00,2019-11-03 23:25:28.979655
304,2019110301003732,SJCL,16,40,10,167,1670.00,2019-11-03 23:25:28.979655
305,2019110301003733,SJCL,16,40,20,167,3340.00,2019-11-03 23:25:28.979655
306,2019110301003734,SABSL,32,47,10,454,4540.00,2019-11-03 23:25:28.979655
307,2019110301003735,SABSL,32,44,10,455,4550.00,2019-11-03 23:25:28.979655
308,2019110301003736,SABSL,32,22,275,455,125125.00,2019-11-03 23:25:28.979655
309,2019110301003737,SJCL,16,32,10,167,1670.00,2019-11-03 23:25:28.979655
310,2019110301003738,SWBBL,38,37,365,906,330690.00,2019-11-03 23:25:28.979655
311,2019110301003739,SDESI,6,4,50,619,30950.00,2019-11-03 23:25:28.979655
312,2019110301003740,RHPL,16,58,10,171,1710.00,2019-11-03 23:25:28.979655
313,2019110301003741,NIB,51,34,44,440,19360.00,2019-11-03 23:25:28.979655
314,2019110301003742,SJCL,16,40,20,167,3340.00,2019-11-03 23:25:28.979655
315,2019110301003743,NLICL,22,25,10,425,4250.00,2019-11-03 23:25:28.979655
316,2019110301003744,SJCL,16,32,10,167,1670.00,2019-11-03 23:25:28.979655
317,2019110301003745,EIC,11,14,200,226,45200.00,2019-11-03 23:25:28.979655
318,2019110301003746,EIC,7,14,133,225,29925.00,2019-11-03 23:25:28.979655
319,2019110301003747,SJCL,16,58,10,167,1670.00,2019-11-03 23:25:28.979655
320,2019110301003748,AKBSL,35,44,10,409,4090.00,2019-11-03 23:25:28.979655
321,2019110301003749,SHL,16,58,1000,207,207000.00,2019-11-03 23:25:28.979655
322,2019110301003750,SHL,16,58,1000,207,207000.00,2019-11-03 23:25:28.979655
323,2019110301003751,LBBL,32,48,448,170,76160.00,2019-11-03 23:25:28.979655
324,2019110301003752,NLICL,25,11,10,430,4300.00,2019-11-03 23:25:28.979655
325,2019110301003753,PRVU,39,44,100,268,26800.00,2019-11-03 23:25:28.979655
326,2019110301003754,SJCL,16,40,20,167,3340.00,2019-11-03 23:25:28.979655
327,2019110301003755,SJCL,16,32,20,167,3340.00,2019-11-03 23:25:28.979655
328,2019110301003756,NMBMF,28,18,200,501,100200.00,2019-11-03 23:25:28.979655
329,2019110301003757,NMBMF,32,18,10,500,5000.00,2019-11-03 23:25:28.979655
330,2019110301003758,NMBMF,41,18,70,496,34720.00,2019-11-03 23:25:28.979655
331,2019110301003759,NMBMF,1,18,10,495,4950.00,2019-11-03 23:25:28.979655
332,2019110301003760,NMBMF,34,18,20,495,9900.00,2019-11-03 23:25:28.979655
333,2019110301003761,NMBMF,41,18,100,495,49500.00,2019-11-03 23:25:28.979655
334,2019110301003762,SANIMA,58,57,242,305,73810.00,2019-11-03 23:25:28.979655
335,2019110301003763,SANIMA,52,57,158,305,48190.00,2019-11-03 23:25:28.979655
336,2019110301003764,NIB,28,52,206,441,90846.00,2019-11-03 23:25:28.979655
337,2019110301003765,NIB,28,6,200,441,88200.00,2019-11-03 23:25:28.979655
338,2019110301003766,SIL,25,33,10,382,3820.00,2019-11-03 23:25:28.979655
339,2019110301003767,SANIMA,10,25,103,306,31518.00,2019-11-03 23:25:28.979655
340,2019110301003768,SJCL,16,40,20,167,3340.00,2019-11-03 23:25:28.979655
341,2019110301003769,SJCL,16,32,20,167,3340.00,2019-11-03 23:25:28.979655
342,2019110301003770,MNBBL,58,44,643,316,203188.00,2019-11-03 23:25:28.979655
343,2019110301003771,MNBBL,7,44,40,316,12640.00,2019-11-03 23:25:28.979655
344,2019110301003772,MNBBL,32,44,200,316,63200.00,2019-11-03 23:25:28.979655
345,2019110301003773,MNBBL,28,44,17,316,5372.00,2019-11-03 23:25:28.979655
346,2019110301003774,BOKL,44,49,50,225,11250.00,2019-11-03 23:25:28.979655
347,2019110301003775,BOKL,21,49,450,225,101250.00,2019-11-03 23:25:28.979655
348,2019110301003776,SJCL,16,40,20,167,3340.00,2019-11-03 23:25:28.979655
349,2019110301003777,RHPL,16,58,10,171,1710.00,2019-11-03 23:25:28.979655
350,2019110301003698,API,25,58,147,109,16023.00,2019-11-03 23:25:28.979655
351,2019110301003699,API,21,58,200,109,21800.00,2019-11-03 23:25:28.979655
352,2019110301003700,API,51,58,1000,109,109000.00,2019-11-03 23:25:28.979655
353,2019110301003701,API,57,58,253,109,27577.00,2019-11-03 23:25:28.979655
354,2019110301003702,BPCL,13,34,56,360,20160.00,2019-11-03 23:25:28.979655
355,2019110301003703,PRVU,46,44,900,268,241200.00,2019-11-03 23:25:28.979655
356,2019110301003704,PRVU,46,44,100,268,26800.00,2019-11-03 23:25:28.979655
357,2019110301003705,SABSL,10,6,10,451,4510.00,2019-11-03 23:25:28.979655
358,2019110301003706,EBL,22,38,79,555,43845.00,2019-11-03 23:25:28.979655
359,2019110301003707,EBL,45,38,20,554,11080.00,2019-11-03 23:25:28.979655
360,2019110301003708,EBL,35,38,30,554,16620.00,2019-11-03 23:25:28.979655
361,2019110301003709,EBL,40,38,250,554,138500.00,2019-11-03 23:25:28.979655
362,2019110301003710,EBL,49,38,500,554,277000.00,2019-11-03 23:25:28.979655
363,2019110301003711,EBL,42,38,600,554,332400.00,2019-11-03 23:25:28.979655
364,2019110301003712,EBL,32,38,50,554,27700.00,2019-11-03 23:25:28.979655
365,2019110301003713,SJCL,16,40,20,167,3340.00,2019-11-03 23:25:28.979655
366,2019110301003714,HIDCL,39,34,21,132,2772.00,2019-11-03 23:25:28.979655
367,2019110301003715,HIDCL,52,34,138,132,18216.00,2019-11-03 23:25:28.979655
368,2019110301003716,SABSL,32,44,10,450,4500.00,2019-11-03 23:25:28.979655
369,2019110301003717,NICA,44,50,283,404,114332.00,2019-11-03 23:25:28.979655
370,2019110301003718,MLBL,17,47,100,213,21300.00,2019-11-03 23:25:28.979655
371,2019110301003719,RHPL,16,58,10,171,1710.00,2019-11-03 23:25:28.979655
372,2019110301003720,TRH,58,48,405,277,112185.00,2019-11-03 23:25:28.979655
373,2019110301003721,TRH,48,48,500,277,138500.00,2019-11-03 23:25:28.979655
374,2019110301003722,TRH,35,48,300,276,82800.00,2019-11-03 23:25:28.979655
375,2019110301003723,API,57,8,247,109,26923.00,2019-11-03 23:25:28.979655
376,2019110301003724,SJCL,16,40,20,167,3340.00,2019-11-03 23:25:28.979655
377,2019110301003725,SABSL,10,6,10,452,4520.00,2019-11-03 23:25:28.979655
378,2019110301003726,SJCL,16,58,10,167,1670.00,2019-11-03 23:25:28.979655
379,2019110301003727,NHPC,20,34,500,53,26500.00,2019-11-03 23:25:28.979655
380,2019110301003728,SABSL,32,44,10,450,4500.00,2019-11-03 23:25:28.979655
381,2019110301003729,RMDC,6,34,55,605,33275.00,2019-11-03 23:25:28.979655
382,2019110301003730,SANIMA,34,48,100,305,30500.00,2019-11-03 23:25:28.979655
383,2019110301003731,SANIMA,58,48,758,305,231190.00,2019-11-03 23:25:28.979655
384,2019110301003658,RHPL,16,58,10,171,1710.00,2019-11-03 23:25:28.979655
385,2019110301003659,SRBL,52,17,123,208,25584.00,2019-11-03 23:25:28.979655
386,2019110301003660,SRBL,43,17,250,208,52000.00,2019-11-03 23:25:28.979655
387,2019110301003661,NICA,44,52,117,404,47268.00,2019-11-03 23:25:28.979655
388,2019110301003662,MNBBL,5,40,200,317,63400.00,2019-11-03 23:25:28.979655
389,2019110301003663,MNBBL,42,40,50,317,15850.00,2019-11-03 23:25:28.979655
390,2019110301003664,LBL,32,14,217,220,47740.00,2019-11-03 23:25:28.979655
391,2019110301003665,LBBL,1,48,50,171,8550.00,2019-11-03 23:25:28.979655
392,2019110301003666,LBBL,56,48,50,171,8550.00,2019-11-03 23:25:28.979655
393,2019110301003667,LBBL,42,48,120,171,20520.00,2019-11-03 23:25:28.979655
394,2019110301003668,SJCL,16,58,10,167,1670.00,2019-11-03 23:25:28.979655
395,2019110301003669,CCBL,28,28,2,156,312.00,2019-11-03 23:25:28.979655
396,2019110301003670,SHL,51,48,985,207,203895.00,2019-11-03 23:25:28.979655
397,2019110301003671,SJCL,16,40,20,167,3340.00,2019-11-03 23:25:28.979655
398,2019110301003672,NICA,44,50,83,404,33532.00,2019-11-03 23:25:28.979655
399,2019110301003673,GBLBS,7,17,10,309,3090.00,2019-11-03 23:25:28.979655
400,2019110301003674,GBLBS,7,59,100,309,30900.00,2019-11-03 23:25:28.979655
401,2019110301003675,GBLBS,7,42,10,310,3100.00,2019-11-03 23:25:28.979655
402,2019110301003676,GBLBS,7,42,15,310,4650.00,2019-11-03 23:25:28.979655
403,2019110301003677,GBLBS,7,58,400,310,124000.00,2019-11-03 23:25:28.979655
404,2019110301003678,GBLBS,7,51,100,311,31100.00,2019-11-03 23:25:28.979655
405,2019110301003679,GBLBS,7,41,365,311,113515.00,2019-11-03 23:25:28.979655
406,2019110301003680,CHCL,25,42,10,423,4230.00,2019-11-03 23:25:28.979655
407,2019110301003681,NABIL,35,48,14,753,10542.00,2019-11-03 23:25:28.979655
408,2019110301003682,NABIL,40,48,50,753,37650.00,2019-11-03 23:25:28.979655
409,2019110301003683,NABIL,50,48,30,753,22590.00,2019-11-03 23:25:28.979655
410,2019110301003684,NABIL,38,48,120,753,90360.00,2019-11-03 23:25:28.979655
411,2019110301003685,NABIL,25,48,96,752,72192.00,2019-11-03 23:25:28.979655
412,2019110301003686,NUBL,25,49,20,876,17520.00,2019-11-03 23:25:28.979655
413,2019110301003687,NUBL,25,49,20,876,17520.00,2019-11-03 23:25:28.979655
414,2019110301003688,NUBL,42,49,10,875,8750.00,2019-11-03 23:25:28.979655
415,2019110301003689,NIL,28,39,369,375,138375.00,2019-11-03 23:25:28.979655
416,2019110301003690,NIL,49,39,131,375,49125.00,2019-11-03 23:25:28.979655
417,2019110301003691,SJCL,16,40,20,167,3340.00,2019-11-03 23:25:28.979655
418,2019110301003692,API,25,22,20,110,2200.00,2019-11-03 23:25:28.979655
419,2019110301003693,RHPL,16,58,10,171,1710.00,2019-11-03 23:25:28.979655
420,2019110301003694,HGI,32,58,34,264,8976.00,2019-11-03 23:25:28.979655
421,2019110301003695,CLBSL,7,34,16,444,7104.00,2019-11-03 23:25:28.979655
422,2019110301003696,SJCL,16,58,10,167,1670.00,2019-11-03 23:25:28.979655
423,2019110301003697,SJCL,16,40,20,167,3340.00,2019-11-03 23:25:28.979655
424,2019110301003640,SICL,45,16,56,730,40880.00,2019-11-03 23:25:28.979655
425,2019110301003641,SBI,7,25,22,404,8888.00,2019-11-03 23:25:28.979655
426,2019110301003642,SBI,36,25,108,404,43632.00,2019-11-03 23:25:28.979655
427,2019110301003643,MERO,35,35,1,559,559.00,2019-11-03 23:25:28.979655
428,2019110301003644,SBI,7,48,398,405,161190.00,2019-11-03 23:25:28.979655
429,2019110301003645,PLIC,41,34,10,313,3130.00,2019-11-03 23:25:28.979655
430,2019110301003646,ILBS,32,55,30,439,13170.00,2019-11-03 23:25:28.979655
431,2019110301003647,NABIL,42,58,200,755,151000.00,2019-11-03 23:25:28.979655
432,2019110301003648,MDB,58,28,100,246,24600.00,2019-11-03 23:25:28.979655
433,2019110301003649,MDB,5,28,205,246,50430.00,2019-11-03 23:25:28.979655
434,2019110301003650,MDB,34,28,500,245,122500.00,2019-11-03 23:25:28.979655
435,2019110301003651,RHPL,16,58,10,171,1710.00,2019-11-03 23:25:28.979655
436,2019110301003652,NABIL,38,58,25,755,18875.00,2019-11-03 23:25:28.979655
437,2019110301003653,MEGA,42,38,100,191,19100.00,2019-11-03 23:25:28.979655
438,2019110301003654,SJCL,16,58,10,167,1670.00,2019-11-03 23:25:28.979655
439,2019110301003655,API,25,34,17,109,1853.00,2019-11-03 23:25:28.979655
440,2019110301003656,HBL,22,40,434,496,215264.00,2019-11-03 23:25:28.979655
441,2019110301003657,ALICL,16,11,648,310,200880.00,2019-11-03 23:25:28.979655
442,2019110301003614,PIC,47,47,9,357,3213.00,2019-11-03 23:25:28.979655
443,2019110301003615,LBBL,33,44,46,172,7912.00,2019-11-03 23:25:28.979655
444,2019110301003616,NABIL,55,22,151,754,113854.00,2019-11-03 23:25:28.979655
445,2019110301003617,NABIL,47,22,35,754,26390.00,2019-11-03 23:25:28.979655
446,2019110301003618,NABIL,59,22,10,754,7540.00,2019-11-03 23:25:28.979655
447,2019110301003619,MERO,49,49,100,559,55900.00,2019-11-03 23:25:28.979655
448,2019110301003620,SLICL,28,28,38,259,9842.00,2019-11-03 23:25:28.979655
449,2019110301003621,NABIL,7,22,104,754,78416.00,2019-11-03 23:25:28.979655
450,2019110301003622,DBBL,32,34,50,125,6250.00,2019-11-03 23:25:28.979655
451,2019110301003623,NIB,51,48,135,440,59400.00,2019-11-03 23:25:28.979655
452,2019110301003624,GBLBS,11,1,50,307,15350.00,2019-11-03 23:25:28.979655
453,2019110301003625,GBLBS,8,1,40,307,12280.00,2019-11-03 23:25:28.979655
454,2019110301003626,GBLBS,14,1,165,307,50655.00,2019-11-03 23:25:28.979655
455,2019110301003627,SJCL,16,40,20,167,3340.00,2019-11-03 23:25:28.979655
456,2019110301003628,JBBL,58,1,33,155,5115.00,2019-11-03 23:25:28.979655
457,2019110301003629,DDBL,56,25,159,714,113526.00,2019-11-03 23:25:28.979655
458,2019110301003630,DDBL,56,25,37,714,26418.00,2019-11-03 23:25:28.979655
459,2019110301003631,DDBL,35,25,20,713,14260.00,2019-11-03 23:25:28.979655
460,2019110301003632,DDBL,45,25,73,713,52049.00,2019-11-03 23:25:28.979655
461,2019110301003633,SCB,7,48,280,562,157360.00,2019-11-03 23:25:28.979655
462,2019110301003634,CBL,29,51,26,142,3692.00,2019-11-03 23:25:28.979655
463,2019110301003635,NABIL,7,58,261,755,197055.00,2019-11-03 23:25:28.979655
464,2019110301003636,LLBS,54,42,12,670,8040.00,2019-11-03 23:25:28.979655
465,2019110301003637,SAPDBL,42,44,20,121,2420.00,2019-11-03 23:25:28.979655
466,2019110301003638,SAPDBL,32,44,380,121,45980.00,2019-11-03 23:25:28.979655
467,2019110301003639,KBL,18,6,437,180,78660.00,2019-11-03 23:25:28.979655
468,2019110301003581,MBL,50,36,954,227,216558.00,2019-11-03 23:25:28.979655
469,2019110301003582,MBL,50,43,30,227,6810.00,2019-11-03 23:25:28.979655
470,2019110301003583,SJCL,13,40,20,168,3360.00,2019-11-03 23:25:28.979655
471,2019110301003584,SJCL,13,43,20,168,3360.00,2019-11-03 23:25:28.979655
472,2019110301003585,NABIL,38,58,275,755,207625.00,2019-11-03 23:25:28.979655
473,2019110301003586,CBL,42,26,256,142,36352.00,2019-11-03 23:25:28.979655
474,2019110301003587,CBL,29,26,74,142,10508.00,2019-11-03 23:25:28.979655
475,2019110301003588,KBL,38,48,368,179,65872.00,2019-11-03 23:25:28.979655
476,2019110301003589,KBL,49,48,1000,179,179000.00,2019-11-03 23:25:28.979655
477,2019110301003590,KBL,36,48,632,179,113128.00,2019-11-03 23:25:28.979655
478,2019110301003591,NICA,32,28,367,404,148268.00,2019-11-03 23:25:28.979655
479,2019110301003592,NICA,32,33,133,404,53732.00,2019-11-03 23:25:28.979655
480,2019110301003593,NLIC,42,14,38,800,30400.00,2019-11-03 23:25:28.979655
481,2019110301003594,NLIC,42,1,22,800,17600.00,2019-11-03 23:25:28.979655
482,2019110301003595,NICA,44,33,117,404,47268.00,2019-11-03 23:25:28.979655
483,2019110301003596,NICA,44,52,83,404,33532.00,2019-11-03 23:25:28.979655
484,2019110301003597,LBBL,57,44,180,172,30960.00,2019-11-03 23:25:28.979655
485,2019110301003598,CFCL,11,34,97,112,10864.00,2019-11-03 23:25:28.979655
486,2019110301003599,AKPL,25,28,20,130,2600.00,2019-11-03 23:25:28.979655
487,2019110301003600,SJCL,13,40,10,168,1680.00,2019-11-03 23:25:28.979655
488,2019110301003601,SBL,7,36,190,295,56050.00,2019-11-03 23:25:28.979655
489,2019110301003602,SBL,7,42,810,296,239760.00,2019-11-03 23:25:28.979655
490,2019110301003603,SADBL,36,48,426,137,58362.00,2019-11-03 23:25:28.979655
491,2019110301003604,EBL,28,22,50,556,27800.00,2019-11-03 23:25:28.979655
492,2019110301003605,EBL,47,22,24,555,13320.00,2019-11-03 23:25:28.979655
493,2019110301003606,EBL,6,22,50,555,27750.00,2019-11-03 23:25:28.979655
494,2019110301003607,EBL,22,22,876,555,486180.00,2019-11-03 23:25:28.979655
495,2019110301003608,NMFBS,16,28,30,1705,51150.00,2019-11-03 23:25:28.979655
496,2019110301003609,NMFBS,56,28,80,1701,136080.00,2019-11-03 23:25:28.979655
497,2019110301003610,NBL,7,20,500,315,157500.00,2019-11-03 23:25:28.979655
498,2019110301003611,PLIC,41,51,70,313,21910.00,2019-11-03 23:25:28.979655
499,2019110301003612,NIB,21,48,200,440,88000.00,2019-11-03 23:25:28.979655
500,2019110301003613,SJCL,16,40,20,167,3340.00,2019-11-03 23:25:28.979655
501,2019110301003556,MEGA,51,6,1677,190,318630.00,2019-11-03 23:25:28.979655
502,2019110301003557,SCB,46,38,50,560,28000.00,2019-11-03 23:25:28.979655
503,2019110301003558,SCB,29,38,30,559,16770.00,2019-11-03 23:25:28.979655
504,2019110301003559,SCB,47,38,100,559,55900.00,2019-11-03 23:25:28.979655
505,2019110301003560,SCB,42,38,10,559,5590.00,2019-11-03 23:25:28.979655
506,2019110301003561,SCB,1,38,66,557,36762.00,2019-11-03 23:25:28.979655
507,2019110301003562,JBBL,13,25,439,156,68484.00,2019-11-03 23:25:28.979655
508,2019110301003563,SJCL,13,40,10,168,1680.00,2019-11-03 23:25:28.979655
509,2019110301003564,SLBSL,43,25,70,712,49840.00,2019-11-03 23:25:28.979655
510,2019110301003565,SLBSL,49,25,30,712,21360.00,2019-11-03 23:25:28.979655
511,2019110301003566,NIL,49,48,619,375,232125.00,2019-11-03 23:25:28.979655
512,2019110301003567,NIL,28,48,131,375,49125.00,2019-11-03 23:25:28.979655
513,2019110301003568,JBBL,13,11,91,156,14196.00,2019-11-03 23:25:28.979655
514,2019110301003569,JBBL,57,11,200,156,31200.00,2019-11-03 23:25:28.979655
515,2019110301003570,SLBSL,49,39,30,712,21360.00,2019-11-03 23:25:28.979655
516,2019110301003571,SHIVM,41,53,50,488,24400.00,2019-11-03 23:25:28.979655
517,2019110301003572,SJCL,13,40,20,168,3360.00,2019-11-03 23:25:28.979655
518,2019110301003573,MLBL,13,42,490,212,103880.00,2019-11-03 23:25:28.979655
519,2019110301003574,GLICL,39,19,300,349,104700.00,2019-11-03 23:25:28.979655
520,2019110301003575,GLICL,51,19,16,348,5568.00,2019-11-03 23:25:28.979655
521,2019110301003576,CIT,37,6,73,1798,131254.00,2019-11-03 23:25:28.979655
522,2019110301003577,PRVU,58,44,100,268,26800.00,2019-11-03 23:25:28.979655
523,2019110301003578,SICL,44,25,120,728,87360.00,2019-11-03 23:25:28.979655
524,2019110301003579,MLBL,13,11,32,212,6784.00,2019-11-03 23:25:28.979655
525,2019110301003580,SHIVM,51,26,50,487,24350.00,2019-11-03 23:25:28.979655
526,2019110301003517,NABIL,21,58,70,755,52850.00,2019-11-03 23:25:28.979655
527,2019110301003518,SJCL,40,40,20,168,3360.00,2019-11-03 23:25:28.979655
528,2019110301003519,NBL,6,46,387,314,121518.00,2019-11-03 23:25:28.979655
529,2019110301003520,NBL,19,46,100,314,31400.00,2019-11-03 23:25:28.979655
530,2019110301003521,NBL,45,46,100,314,31400.00,2019-11-03 23:25:28.979655
531,2019110301003522,NBL,32,46,413,314,129682.00,2019-11-03 23:25:28.979655
532,2019110301003523,PCBL,11,53,30,264,7920.00,2019-11-03 23:25:28.979655
533,2019110301003524,SBI,37,48,100,406,40600.00,2019-11-03 23:25:28.979655
534,2019110301003525,SBI,38,48,500,405,202500.00,2019-11-03 23:25:28.979655
535,2019110301003526,SBI,38,48,250,405,101250.00,2019-11-03 23:25:28.979655
536,2019110301003527,MEGA,10,11,20,189,3780.00,2019-11-03 23:25:28.979655
537,2019110301003528,CIT,38,6,10,1799,17990.00,2019-11-03 23:25:28.979655
538,2019110301003529,PCBL,28,28,46,263,12098.00,2019-11-03 23:25:28.979655
539,2019110301003530,MLBL,16,47,100,213,21300.00,2019-11-03 23:25:28.979655
540,2019110301003531,JFL,8,32,410,193,79130.00,2019-11-03 23:25:28.979655
541,2019110301003532,PIC,20,57,82,353,28946.00,2019-11-03 23:25:28.979655
542,2019110301003533,SJCL,13,40,20,168,3360.00,2019-11-03 23:25:28.979655
543,2019110301003534,NLIC,58,58,230,799,183770.00,2019-11-03 23:25:28.979655
544,2019110301003535,ADBL,53,49,45,411,18495.00,2019-11-03 23:25:28.979655
545,2019110301003536,SBL,49,17,50,293,14650.00,2019-11-03 23:25:28.979655
546,2019110301003537,LBL,32,1,300,220,66000.00,2019-11-03 23:25:28.979655
547,2019110301003538,NCCB,8,48,1198,202,241996.00,2019-11-03 23:25:28.979655
548,2019110301003539,NCCB,8,45,602,202,121604.00,2019-11-03 23:25:28.979655
549,2019110301003540,NGPL,37,43,455,99,45045.00,2019-11-03 23:25:28.979655
550,2019110301003541,VLBS,21,28,11,564,6204.00,2019-11-03 23:25:28.979655
551,2019110301003542,VLBS,38,28,21,564,11844.00,2019-11-03 23:25:28.979655
552,2019110301003543,LBBL,8,44,580,172,99760.00,2019-11-03 23:25:28.979655
553,2019110301003544,LBBL,1,44,25,172,4300.00,2019-11-03 23:25:28.979655
554,2019110301003545,LBBL,44,44,50,172,8600.00,2019-11-03 23:25:28.979655
555,2019110301003546,LBBL,13,44,100,172,17200.00,2019-11-03 23:25:28.979655
556,2019110301003547,PRVU,45,59,200,267,53400.00,2019-11-03 23:25:28.979655
557,2019110301003548,PIC,47,47,9,357,3213.00,2019-11-03 23:25:28.979655
558,2019110301003549,SJCL,13,40,20,168,3360.00,2019-11-03 23:25:28.979655
559,2019110301003550,GLICL,39,19,200,350,70000.00,2019-11-03 23:25:28.979655
560,2019110301003551,AKJCL,17,42,10,54,540.00,2019-11-03 23:25:28.979655
561,2019110301003552,AKJCL,17,42,10,54,540.00,2019-11-03 23:25:28.979655
562,2019110301003553,AKJCL,17,56,100,54,5400.00,2019-11-03 23:25:28.979655
563,2019110301003554,SADBL,32,48,100,137,13700.00,2019-11-03 23:25:28.979655
564,2019110301003555,PIC,20,57,10,353,3530.00,2019-11-03 23:25:28.979655
565,2019110301003498,GBBL,55,39,300,221,66300.00,2019-11-03 23:25:28.979655
566,2019110301003499,SBL,46,17,500,292,146000.00,2019-11-03 23:25:28.979655
567,2019110301003500,SJCL,40,40,10,168,1680.00,2019-11-03 23:25:28.979655
568,2019110301003501,PIC,7,49,13,357,4641.00,2019-11-03 23:25:28.979655
569,2019110301003502,GBBL,45,10,300,222,66600.00,2019-11-03 23:25:28.979655
570,2019110301003503,ALBSL,7,25,60,386,23160.00,2019-11-03 23:25:28.979655
571,2019110301003504,GRDBL,55,52,500,103,51500.00,2019-11-03 23:25:28.979655
572,2019110301003505,SJCL,40,40,20,168,3360.00,2019-11-03 23:25:28.979655
573,2019110301003506,IGI,42,25,20,285,5700.00,2019-11-03 23:25:28.979655
574,2019110301003507,CCBL,21,11,51,155,7905.00,2019-11-03 23:25:28.979655
575,2019110301003508,MLBL,16,48,75,213,15975.00,2019-11-03 23:25:28.979655
576,2019110301003509,MLBL,16,47,25,213,5325.00,2019-11-03 23:25:28.979655
577,2019110301003510,NLICL,32,22,105,423,44415.00,2019-11-03 23:25:28.979655
578,2019110301003511,NLICL,40,22,100,423,42300.00,2019-11-03 23:25:28.979655
579,2019110301003512,NLICL,47,22,20,422,8440.00,2019-11-03 23:25:28.979655
580,2019110301003513,NLICL,22,22,700,421,294700.00,2019-11-03 23:25:28.979655
581,2019110301003514,NIB,41,48,29,440,12760.00,2019-11-03 23:25:28.979655
582,2019110301003515,RRHP,22,47,10,102,1020.00,2019-11-03 23:25:28.979655
583,2019110301003516,MBL,35,36,500,227,113500.00,2019-11-03 23:25:28.979655
584,2019110301003472,SBL,50,50,343,293,100499.00,2019-11-03 23:25:28.979655
585,2019110301003473,KRBL,42,21,100,102,10200.00,2019-11-03 23:25:28.979655
586,2019110301003474,SJCL,40,40,20,168,3360.00,2019-11-03 23:25:28.979655
587,2019110301003475,SADBL,42,19,170,137,23290.00,2019-11-03 23:25:28.979655
588,2019110301003476,SADBL,42,19,115,137,15755.00,2019-11-03 23:25:28.979655
589,2019110301003477,SADBL,35,19,215,137,29455.00,2019-11-03 23:25:28.979655
590,2019110301003478,PRVU,21,44,400,268,107200.00,2019-11-03 23:25:28.979655
591,2019110301003479,PRVU,50,44,100,268,26800.00,2019-11-03 23:25:28.979655
592,2019110301003480,PRVU,57,44,400,268,107200.00,2019-11-03 23:25:28.979655
593,2019110301003481,PRVU,41,44,100,268,26800.00,2019-11-03 23:25:28.979655
594,2019110301003482,HBL,43,48,50,496,24800.00,2019-11-03 23:25:28.979655
595,2019110301003483,HBL,22,48,591,496,293136.00,2019-11-03 23:25:28.979655
596,2019110301003484,API,25,22,50,110,5500.00,2019-11-03 23:25:28.979655
597,2019110301003485,SJCL,40,40,20,168,3360.00,2019-11-03 23:25:28.979655
598,2019110301003486,ILBS,32,47,30,439,13170.00,2019-11-03 23:25:28.979655
599,2019110301003487,KSBBL,56,33,200,144,28800.00,2019-11-03 23:25:28.979655
600,2019110301003488,PRIN,36,7,100,311,31100.00,2019-11-03 23:25:28.979655
601,2019110301003489,NMBMF,57,18,130,500,65000.00,2019-11-03 23:25:28.979655
602,2019110301003490,NMBMF,54,18,50,500,25000.00,2019-11-03 23:25:28.979655
603,2019110301003491,MNBBL,19,48,50,317,15850.00,2019-11-03 23:25:28.979655
604,2019110301003492,DBBL,51,34,209,125,26125.00,2019-11-03 23:25:28.979655
605,2019110301003493,KBL,52,6,100,180,18000.00,2019-11-03 23:25:28.979655
606,2019110301003494,PIC,47,47,20,356,7120.00,2019-11-03 23:25:28.979655
607,2019110301003495,NICL,25,1,10,267,2670.00,2019-11-03 23:25:28.979655
608,2019110301003496,SJCL,40,40,20,168,3360.00,2019-11-03 23:25:28.979655
609,2019110301003497,SADBL,35,48,285,137,39045.00,2019-11-03 23:25:28.979655
610,2019110301003451,CZBIL,57,50,75,191,14325.00,2019-11-03 23:25:28.979655
611,2019110301003452,SJCL,40,40,20,168,3360.00,2019-11-03 23:25:28.979655
612,2019110301003453,SWBBL,44,37,35,900,31500.00,2019-11-03 23:25:28.979655
613,2019110301003454,SWBBL,39,37,100,900,90000.00,2019-11-03 23:25:28.979655
614,2019110301003455,NADEP,47,47,20,391,7820.00,2019-11-03 23:25:28.979655
615,2019110301003456,MLBL,21,48,300,213,63900.00,2019-11-03 23:25:28.979655
616,2019110301003457,RMDC,6,1,86,605,52030.00,2019-11-03 23:25:28.979655
617,2019110301003458,NLICL,56,22,275,424,116600.00,2019-11-03 23:25:28.979655
618,2019110301003459,MERO,48,49,81,558,45198.00,2019-11-03 23:25:28.979655
619,2019110301003460,SJCL,40,40,20,168,3360.00,2019-11-03 23:25:28.979655
620,2019110301003461,MNBBL,41,28,93,318,29574.00,2019-11-03 23:25:28.979655
621,2019110301003462,PIC,44,49,1423,357,508011.00,2019-11-03 23:25:28.979655
622,2019110301003463,NICA,42,28,50,404,20200.00,2019-11-03 23:25:28.979655
623,2019110301003464,NLICL,32,22,130,423,54990.00,2019-11-03 23:25:28.979655
624,2019110301003465,NLICL,32,22,95,423,40185.00,2019-11-03 23:25:28.979655
625,2019110301003466,SJCL,40,40,20,168,3360.00,2019-11-03 23:25:28.979655
626,2019110301003467,LBL,41,51,100,221,22100.00,2019-11-03 23:25:28.979655
627,2019110301003468,DBBL,51,13,291,125,36375.00,2019-11-03 23:25:28.979655
628,2019110301003469,MSLB,39,58,10,847,8470.00,2019-11-03 23:25:28.979655
629,2019110301003470,ADBL,41,50,100,412,41200.00,2019-11-03 23:25:28.979655
630,2019110301003471,GBLBS,7,1,345,308,106260.00,2019-11-03 23:25:28.979655
631,2019110301003427,SJCL,40,40,20,168,3360.00,2019-11-03 23:25:28.979655
632,2019110301003428,NICA,10,21,100,403,40300.00,2019-11-03 23:25:28.979655
633,2019110301003429,SRBL,6,17,323,208,67184.00,2019-11-03 23:25:28.979655
634,2019110301003430,SRBL,52,17,177,208,36816.00,2019-11-03 23:25:28.979655
635,2019110301003431,LGIL,44,50,200,316,63200.00,2019-11-03 23:25:28.979655
636,2019110301003432,PRVU,35,53,206,268,55208.00,2019-11-03 23:25:28.979655
637,2019110301003433,PRVU,35,44,4000,268,1072000.00,2019-11-03 23:25:28.979655
638,2019110301003434,CCBL,19,48,182,155,28210.00,2019-11-03 23:25:28.979655
639,2019110301003435,CCBL,21,48,73,155,11315.00,2019-11-03 23:25:28.979655
640,2019110301003436,SJCL,40,40,20,168,3360.00,2019-11-03 23:25:28.979655
641,2019110301003437,LICN,37,28,100,1000,100000.00,2019-11-03 23:25:28.979655
642,2019110301003438,PRVU,38,44,171,269,45999.00,2019-11-03 23:25:28.979655
643,2019110301003439,PRVU,38,4,99,269,26631.00,2019-11-03 23:25:28.979655
644,2019110301003440,AKBSL,48,8,10,408,4080.00,2019-11-03 23:25:28.979655
645,2019110301003441,SJCL,40,40,20,168,3360.00,2019-11-03 23:25:28.979655
646,2019110301003442,MSLB,34,58,50,850,42500.00,2019-11-03 23:25:28.979655
647,2019110301003443,MSLB,34,58,50,849,42450.00,2019-11-03 23:25:28.979655
648,2019110301003444,MSLB,47,58,40,849,33960.00,2019-11-03 23:25:28.979655
649,2019110301003445,MSLB,34,58,34,848,28832.00,2019-11-03 23:25:28.979655
650,2019110301003446,IGI,42,25,50,285,14250.00,2019-11-03 23:25:28.979655
651,2019110301003447,IGI,28,25,100,285,28500.00,2019-11-03 23:25:28.979655
652,2019110301003448,IGI,41,25,30,285,8550.00,2019-11-03 23:25:28.979655
653,2019110301003449,NLICL,56,48,47,424,19928.00,2019-11-03 23:25:28.979655
654,2019110301003450,GBBL,21,10,22,222,4884.00,2019-11-03 23:25:28.979655
655,2019110301003409,SJCL,40,58,10,168,1680.00,2019-11-03 23:25:28.979655
656,2019110301003410,MLBL,8,48,50,213,10650.00,2019-11-03 23:25:28.979655
657,2019110301003411,SRBL,32,57,700,209,146300.00,2019-11-03 23:25:28.979655
658,2019110301003412,PCBL,41,22,200,263,52600.00,2019-11-03 23:25:28.979655
659,2019110301003413,PCBL,41,22,490,263,128870.00,2019-11-03 23:25:28.979655
660,2019110301003414,PCBL,11,22,70,263,18410.00,2019-11-03 23:25:28.979655
661,2019110301003415,CBL,42,48,14,142,1988.00,2019-11-03 23:25:28.979655
662,2019110301003416,NIL,14,49,500,376,188000.00,2019-11-03 23:25:28.979655
663,2019110301003417,SJCL,40,40,20,168,3360.00,2019-11-03 23:25:28.979655
664,2019110301003418,LBL,28,26,1435,220,315700.00,2019-11-03 23:25:28.979655
665,2019110301003419,LBL,49,26,500,220,110000.00,2019-11-03 23:25:28.979655
666,2019110301003420,FOWAD,29,56,30,1275,38250.00,2019-11-03 23:25:28.979655
667,2019110301003421,MEGA,51,51,1010,190,191900.00,2019-11-03 23:25:28.979655
668,2019110301003422,SJCL,40,40,20,168,3360.00,2019-11-03 23:25:28.979655
669,2019110301003423,BOKL,32,57,700,225,157500.00,2019-11-03 23:25:28.979655
670,2019110301003424,NABIL,28,58,55,755,41525.00,2019-11-03 23:25:28.979655
671,2019110301003425,BNT,41,49,10,6200,62000.00,2019-11-03 23:25:28.979655
672,2019110301003426,NLIC,41,14,50,800,40000.00,2019-11-03 23:25:28.979655
673,2019110301003383,MERO,52,6,36,559,20124.00,2019-11-03 23:25:28.979655
674,2019110301003384,SJCL,40,40,20,168,3360.00,2019-11-03 23:25:28.979655
675,2019110301003385,HGI,11,58,100,264,26400.00,2019-11-03 23:25:28.979655
676,2019110301003386,RHPL,16,58,10,171,1710.00,2019-11-03 23:25:28.979655
677,2019110301003387,BNT,41,33,90,6200,558000.00,2019-11-03 23:25:28.979655
678,2019110301003388,SJCL,40,40,20,168,3360.00,2019-11-03 23:25:28.979655
679,2019110301003389,NMBMF,57,45,70,500,35000.00,2019-11-03 23:25:28.979655
680,2019110301003390,SJCL,40,58,10,168,1680.00,2019-11-03 23:25:28.979655
681,2019110301003391,MERO,6,49,145,558,80910.00,2019-11-03 23:25:28.979655
682,2019110301003392,MERO,17,49,20,558,11160.00,2019-11-03 23:25:28.979655
683,2019110301003393,MERO,22,49,25,558,13950.00,2019-11-03 23:25:28.979655
684,2019110301003394,MERO,36,49,14,558,7812.00,2019-11-03 23:25:28.979655
685,2019110301003395,MERO,21,49,15,558,8370.00,2019-11-03 23:25:28.979655
686,2019110301003396,SBL,45,17,10,293,2930.00,2019-11-03 23:25:28.979655
687,2019110301003397,SBL,56,17,81,293,23733.00,2019-11-03 23:25:28.979655
688,2019110301003398,SBL,14,17,41,292,11972.00,2019-11-03 23:25:28.979655
689,2019110301003399,SBL,57,17,50,292,14600.00,2019-11-03 23:25:28.979655
690,2019110301003400,SBL,46,17,18,292,5256.00,2019-11-03 23:25:28.979655
691,2019110301003401,SBL,41,17,100,295,29500.00,2019-11-03 23:25:28.979655
692,2019110301003402,RHPL,16,44,40,171,6840.00,2019-11-03 23:25:28.979655
693,2019110301003403,SJCL,40,40,20,168,3360.00,2019-11-03 23:25:28.979655
694,2019110301003404,RHPL,16,58,10,171,1710.00,2019-11-03 23:25:28.979655
695,2019110301003405,SJCL,40,44,20,168,3360.00,2019-11-03 23:25:28.979655
696,2019110301003406,NLIC,55,14,50,800,40000.00,2019-11-03 23:25:28.979655
697,2019110301003407,SKBBL,21,53,57,925,52725.00,2019-11-03 23:25:28.979655
698,2019110301003408,SJCL,40,40,20,168,3360.00,2019-11-03 23:25:28.979655
699,2019110301003349,PIC,39,38,420,361,151620.00,2019-11-03 23:25:28.979655
700,2019110301003350,PIC,59,38,30,361,10830.00,2019-11-03 23:25:28.979655
701,2019110301003351,PIC,17,38,100,361,36100.00,2019-11-03 23:25:28.979655
702,2019110301003352,PIC,1,38,131,360,47160.00,2019-11-03 23:25:28.979655
703,2019110301003353,PIC,47,38,100,360,36000.00,2019-11-03 23:25:28.979655
704,2019110301003354,PIC,47,38,50,360,18000.00,2019-11-03 23:25:28.979655
705,2019110301003355,PIC,53,38,92,360,33120.00,2019-11-03 23:25:28.979655
706,2019110301003356,PIC,44,38,577,357,205989.00,2019-11-03 23:25:28.979655
707,2019110301003357,NIBLPF,26,17,2273,6.9,15683.70,2019-11-03 23:25:28.979655
708,2019110301003358,HIDCL,39,34,61,132,8052.00,2019-11-03 23:25:28.979655
709,2019110301003359,PRVU,38,44,1206,268,323208.00,2019-11-03 23:25:28.979655
710,2019110301003360,PRVU,38,53,794,268,212792.00,2019-11-03 23:25:28.979655
711,2019110301003361,BNT,41,17,50,6200,310000.00,2019-11-03 23:25:28.979655
712,2019110301003362,NICL,43,25,20,262,5240.00,2019-11-03 23:25:28.979655
713,2019110301003363,SJCL,40,40,20,168,3360.00,2019-11-03 23:25:28.979655
714,2019110301003364,SRBL,51,57,100,209,20900.00,2019-11-03 23:25:28.979655
715,2019110301003365,SBL,14,56,19,292,5548.00,2019-11-03 23:25:28.979655
716,2019110301003366,SJCL,40,40,10,168,1680.00,2019-11-03 23:25:28.979655
717,2019110301003367,NIB,16,34,23,440,10120.00,2019-11-03 23:25:28.979655
718,2019110301003368,NIB,41,34,21,440,9240.00,2019-11-03 23:25:28.979655
719,2019110301003369,NABIL,6,58,335,755,252925.00,2019-11-03 23:25:28.979655
720,2019110301003370,NLIC,55,44,400,799,319600.00,2019-11-03 23:25:28.979655
721,2019110301003371,RHPL,16,44,40,171,6840.00,2019-11-03 23:25:28.979655
722,2019110301003372,NBB,32,50,60,209,12540.00,2019-11-03 23:25:28.979655
723,2019110301003373,NBB,35,50,300,209,62700.00,2019-11-03 23:25:28.979655
724,2019110301003374,NBB,25,50,200,209,41800.00,2019-11-03 23:25:28.979655
725,2019110301003375,NBB,25,50,244,209,50996.00,2019-11-03 23:25:28.979655
726,2019110301003376,SJCL,40,40,20,168,3360.00,2019-11-03 23:25:28.979655
727,2019110301003377,MERO,6,49,55,558,30690.00,2019-11-03 23:25:28.979655
728,2019110301003378,NBB,25,57,472,209,98648.00,2019-11-03 23:25:28.979655
729,2019110301003379,SJCL,40,44,20,168,3360.00,2019-11-03 23:25:28.979655
730,2019110301003380,NBB,25,21,500,210,105000.00,2019-11-03 23:25:28.979655
731,2019110301003381,NBB,25,35,1000,210,210000.00,2019-11-03 23:25:28.979655
732,2019110301003382,NTC,42,58,10,626,6260.00,2019-11-03 23:25:28.979655
733,2019110301003326,PRVU,22,44,200,268,53600.00,2019-11-03 23:25:28.979655
734,2019110301003327,MLBL,35,48,300,213,63900.00,2019-11-03 23:25:28.979655
735,2019110301003328,SJCL,40,40,20,168,3360.00,2019-11-03 23:25:28.979655
736,2019110301003329,UPPER,49,57,1100,234,257400.00,2019-11-03 23:25:28.979655
737,2019110301003330,UPPER,6,52,127,235,29845.00,2019-11-03 23:25:28.979655
738,2019110301003331,UPPER,6,56,293,235,68855.00,2019-11-03 23:25:28.979655
739,2019110301003332,UPPER,6,56,80,235,18800.00,2019-11-03 23:25:28.979655
740,2019110301003333,SJCL,40,44,20,168,3360.00,2019-11-03 23:25:28.979655
741,2019110301003334,TMDBL,33,57,100,150,15000.00,2019-11-03 23:25:28.979655
742,2019110301003335,SJCL,40,40,20,168,3360.00,2019-11-03 23:25:28.979655
743,2019110301003336,CZBIL,38,37,692,191,132172.00,2019-11-03 23:25:28.979655
744,2019110301003337,CZBIL,57,37,136,191,25976.00,2019-11-03 23:25:28.979655
745,2019110301003338,RHPL,16,44,40,171,6840.00,2019-11-03 23:25:28.979655
746,2019110301003339,PRVU,17,44,60,268,16080.00,2019-11-03 23:25:28.979655
747,2019110301003340,GBBL,55,39,200,221,44200.00,2019-11-03 23:25:28.979655
748,2019110301003341,CLBSL,7,34,16,444,7104.00,2019-11-03 23:25:28.979655
749,2019110301003342,CBL,22,48,50,142,7100.00,2019-11-03 23:25:28.979655
750,2019110301003343,SJCL,40,40,20,168,3360.00,2019-11-03 23:25:28.979655
751,2019110301003344,BNT,41,17,50,6200,310000.00,2019-11-03 23:25:28.979655
752,2019110301003345,SANIMA,48,57,100,306,30600.00,2019-11-03 23:25:28.979655
753,2019110301003346,SJCL,40,44,20,168,3360.00,2019-11-03 23:25:28.979655
754,2019110301003347,CIT,45,33,15,1798,26970.00,2019-11-03 23:25:28.979655
755,2019110301003348,SJCL,40,40,20,168,3360.00,2019-11-03 23:25:28.979655
756,2019110301003311,RHPL,16,44,40,171,6840.00,2019-11-03 23:25:28.979655
757,2019110301003312,SCB,7,48,267,562,150054.00,2019-11-03 23:25:28.979655
758,2019110301003313,EIC,17,56,20,226,4520.00,2019-11-03 23:25:28.979655
759,2019110301003314,EIC,41,56,10,225,2250.00,2019-11-03 23:25:28.979655
760,2019110301003315,EIC,8,56,100,225,22500.00,2019-11-03 23:25:28.979655
761,2019110301003316,EIC,7,56,16,225,3600.00,2019-11-03 23:25:28.979655
762,2019110301003317,MBL,50,57,127,226,28702.00,2019-11-03 23:25:28.979655
763,2019110301003318,MBL,44,57,200,226,45200.00,2019-11-03 23:25:28.979655
764,2019110301003319,MBL,22,57,1500,226,339000.00,2019-11-03 23:25:28.979655
765,2019110301003320,MBL,33,57,173,226,39098.00,2019-11-03 23:25:28.979655
766,2019110301003321,SJCL,40,44,20,168,3360.00,2019-11-03 23:25:28.979655
767,2019110301003322,NABIL,22,58,50,755,37750.00,2019-11-03 23:25:28.979655
768,2019110301003323,SJCL,40,40,20,168,3360.00,2019-11-03 23:25:28.979655
769,2019110301003324,CCBL,19,34,14,155,2170.00,2019-11-03 23:25:28.979655
770,2019110301003325,RHPL,16,44,40,171,6840.00,2019-11-03 23:25:28.979655
771,2019110301003293,SJCL,40,40,20,168,3360.00,2019-11-03 23:25:28.979655
772,2019110301003294,MERO,39,49,20,560,11200.00,2019-11-03 23:25:28.979655
773,2019110301003295,ILBS,32,6,100,436,43600.00,2019-11-03 23:25:28.979655
774,2019110301003296,NLICL,56,26,100,424,42400.00,2019-11-03 23:25:28.979655
775,2019110301003297,SBL,49,56,50,294,14700.00,2019-11-03 23:25:28.979655
776,2019110301003298,RHPL,16,47,10,171,1710.00,2019-11-03 23:25:28.979655
777,2019110301003299,MEGA,34,26,4000,190,760000.00,2019-11-03 23:25:28.979655
778,2019110301003300,SJCL,40,47,10,168,1680.00,2019-11-03 23:25:28.979655
779,2019110301003301,API,25,34,17,109,1853.00,2019-11-03 23:25:28.979655
780,2019110301003302,PRVU,44,40,466,268,124888.00,2019-11-03 23:25:28.979655
781,2019110301003303,PRVU,44,44,534,268,143112.00,2019-11-03 23:25:28.979655
782,2019110301003304,RHPL,16,44,40,171,6840.00,2019-11-03 23:25:28.979655
783,2019110301003305,NABIL,18,58,100,755,75500.00,2019-11-03 23:25:28.979655
784,2019110301003306,SJCL,40,44,20,168,3360.00,2019-11-03 23:25:28.979655
785,2019110301003307,PPCL,42,47,10,96,960.00,2019-11-03 23:25:28.979655
786,2019110301003308,MERO,32,6,10,559,5590.00,2019-11-03 23:25:28.979655
787,2019110301003309,MERO,22,6,25,559,13975.00,2019-11-03 23:25:28.979655
788,2019110301003310,MERO,52,6,30,559,16770.00,2019-11-03 23:25:28.979655
789,2019110301003271,SHPC,34,19,1205,189,227745.00,2019-11-03 23:25:28.979655
790,2019110301003272,NCCB,32,48,250,202,50500.00,2019-11-03 23:25:28.979655
791,2019110301003273,NBB,11,6,200,210,42000.00,2019-11-03 23:25:28.979655
792,2019110301003274,NBB,17,6,240,209,50160.00,2019-11-03 23:25:28.979655
793,2019110301003275,NBB,44,6,20,209,4180.00,2019-11-03 23:25:28.979655
794,2019110301003276,NBB,25,6,1000,209,209000.00,2019-11-03 23:25:28.979655
795,2019110301003277,NBB,32,6,40,209,8360.00,2019-11-03 23:25:28.979655
796,2019110301003278,NICGF,22,22,100,8.61,861.00,2019-11-03 23:25:28.979655
797,2019110301003279,LLBS,42,34,10,675,6750.00,2019-11-03 23:25:28.979655
798,2019110301003280,RHPL,16,44,40,171,6840.00,2019-11-03 23:25:28.979655
799,2019110301003281,SJCL,40,40,20,168,3360.00,2019-11-03 23:25:28.979655
800,2019110301003282,UPPER,49,47,40,234,9360.00,2019-11-03 23:25:28.979655
801,2019110301003283,SJCL,40,44,20,168,3360.00,2019-11-03 23:25:28.979655
802,2019110301003284,BPCL,43,44,10,360,3600.00,2019-11-03 23:25:28.979655
803,2019110301003285,SHPC,13,53,443,188,83284.00,2019-11-03 23:25:28.979655
804,2019110301003286,SHPC,55,53,47,188,8836.00,2019-11-03 23:25:28.979655
805,2019110301003287,LGIL,44,58,112,316,35392.00,2019-11-03 23:25:28.979655
806,2019110301003288,NICGF,22,22,100,8.78,878.00,2019-11-03 23:25:28.979655
807,2019110301003289,MLBL,41,48,100,213,21300.00,2019-11-03 23:25:28.979655
808,2019110301003290,JFL,25,32,100,193,19300.00,2019-11-03 23:25:28.979655
809,2019110301003291,UPCL,37,47,50,74,3700.00,2019-11-03 23:25:28.979655
810,2019110301003292,SABSL,32,44,10,450,4500.00,2019-11-03 23:25:28.979655
811,2019110301003234,NLIC,17,14,100,800,80000.00,2019-11-03 23:25:28.979655
812,2019110301003235,CZBIL,57,6,40,191,7640.00,2019-11-03 23:25:28.979655
813,2019110301003236,RHPL,16,44,20,171,3420.00,2019-11-03 23:25:28.979655
814,2019110301003237,MEGA,34,13,363,190,68970.00,2019-11-03 23:25:28.979655
815,2019110301003238,MEGA,34,50,1000,190,190000.00,2019-11-03 23:25:28.979655
816,2019110301003239,MEGA,34,39,200,190,38000.00,2019-11-03 23:25:28.979655
817,2019110301003240,MEGA,34,53,50,190,9500.00,2019-11-03 23:25:28.979655
818,2019110301003241,MEGA,34,44,500,190,95000.00,2019-11-03 23:25:28.979655
819,2019110301003242,MEGA,34,45,387,190,73530.00,2019-11-03 23:25:28.979655
820,2019110301003243,MEGA,45,45,7,188,1316.00,2019-11-03 23:25:28.979655
821,2019110301003244,SJCL,40,40,20,168,3360.00,2019-11-03 23:25:28.979655
822,2019110301003245,PRVU,41,40,700,268,187600.00,2019-11-03 23:25:28.979655
823,2019110301003246,SADBL,56,28,459,137,62883.00,2019-11-03 23:25:28.979655
824,2019110301003247,SADBL,56,28,511,137,70007.00,2019-11-03 23:25:28.979655
825,2019110301003248,SADBL,42,28,30,137,4110.00,2019-11-03 23:25:28.979655
826,2019110301003249,SRBL,6,17,1000,208,208000.00,2019-11-03 23:25:28.979655
827,2019110301003250,AHPC,28,59,50,98,4900.00,2019-11-03 23:25:28.979655
828,2019110301003251,MEGA,34,45,113,190,21470.00,2019-11-03 23:25:28.979655
829,2019110301003252,MEGA,34,21,200,190,38000.00,2019-11-03 23:25:28.979655
830,2019110301003253,MEGA,34,1,280,190,53200.00,2019-11-03 23:25:28.979655
831,2019110301003254,MEGA,34,7,100,190,19000.00,2019-11-03 23:25:28.979655
832,2019110301003255,ILBS,32,57,10,436,4360.00,2019-11-03 23:25:28.979655
833,2019110301003256,NBL,41,20,300,315,94500.00,2019-11-03 23:25:28.979655
834,2019110301003257,SJCL,40,44,20,168,3360.00,2019-11-03 23:25:28.979655
835,2019110301003258,PRVU,11,40,66,268,17688.00,2019-11-03 23:25:28.979655
836,2019110301003259,PRVU,11,40,34,268,9112.00,2019-11-03 23:25:28.979655
837,2019110301003260,SRBL,6,17,500,208,104000.00,2019-11-03 23:25:28.979655
838,2019110301003261,SJCL,40,40,20,168,3360.00,2019-11-03 23:25:28.979655
839,2019110301003262,SCB,46,6,30,561,16830.00,2019-11-03 23:25:28.979655
840,2019110301003263,ADBL,41,3,28,412,11536.00,2019-11-03 23:25:28.979655
841,2019110301003264,AKJCL,59,47,20,53,1060.00,2019-11-03 23:25:28.979655
842,2019110301003265,CCBL,6,6,1962,155,304110.00,2019-11-03 23:25:28.979655
843,2019110301003266,CCBL,19,6,60,155,9300.00,2019-11-03 23:25:28.979655
844,2019110301003267,DDBL,28,37,50,715,35750.00,2019-11-03 23:25:28.979655
845,2019110301003268,DDBL,51,37,50,715,35750.00,2019-11-03 23:25:28.979655
846,2019110301003269,DDBL,25,37,50,715,35750.00,2019-11-03 23:25:28.979655
847,2019110301003270,DDBL,56,37,41,714,29274.00,2019-11-03 23:25:28.979655
848,2019110301003213,SJCL,40,40,20,168,3360.00,2019-11-03 23:25:28.979655
849,2019110301003214,RHPL,13,44,20,172,3440.00,2019-11-03 23:25:28.979655
850,2019110301003215,NMBMF,5,18,80,507,40560.00,2019-11-03 23:25:28.979655
851,2019110301003216,UPPER,37,52,100,235,23500.00,2019-11-03 23:25:28.979655
852,2019110301003217,TRH,57,10,100,278,27800.00,2019-11-03 23:25:28.979655
853,2019110301003218,TRH,56,10,50,278,13900.00,2019-11-03 23:25:28.979655
854,2019110301003219,TRH,7,10,400,278,111200.00,2019-11-03 23:25:28.979655
855,2019110301003220,TRH,58,10,95,277,26315.00,2019-11-03 23:25:28.979655
856,2019110301003221,ADBL,45,3,100,412,41200.00,2019-11-03 23:25:28.979655
857,2019110301003222,MERO,52,49,13,562,7306.00,2019-11-03 23:25:28.979655
858,2019110301003223,MERO,42,49,20,561,11220.00,2019-11-03 23:25:28.979655
859,2019110301003224,MERO,19,49,390,560,218400.00,2019-11-03 23:25:28.979655
860,2019110301003225,MERO,19,49,100,560,56000.00,2019-11-03 23:25:28.979655
861,2019110301003226,MERO,22,49,50,560,28000.00,2019-11-03 23:25:28.979655
862,2019110301003227,PRVU,39,4,266,268,71288.00,2019-11-03 23:25:28.979655
863,2019110301003228,PRVU,39,40,234,268,62712.00,2019-11-03 23:25:28.979655
864,2019110301003229,SJCL,40,40,20,168,3360.00,2019-11-03 23:25:28.979655
865,2019110301003230,RBCL,7,17,10,8000,80000.00,2019-11-03 23:25:28.979655
866,2019110301003231,SMATA,37,28,90,528,47520.00,2019-11-03 23:25:28.979655
867,2019110301003232,ALBSL,7,6,30,386,11580.00,2019-11-03 23:25:28.979655
868,2019110301003233,SJCL,40,40,20,168,3360.00,2019-11-03 23:25:28.979655
869,2019110301003197,KBL,43,6,464,180,83520.00,2019-11-03 23:25:28.979655
870,2019110301003198,LBL,37,51,100,221,22100.00,2019-11-03 23:25:28.979655
871,2019110301003199,NICA,44,28,200,404,80800.00,2019-11-03 23:25:28.979655
872,2019110301003200,IGI,39,21,100,286,28600.00,2019-11-03 23:25:28.979655
873,2019110301003201,RHPL,13,26,40,172,6880.00,2019-11-03 23:25:28.979655
874,2019110301003202,PRVU,37,4,100,268,26800.00,2019-11-03 23:25:28.979655
875,2019110301003203,RHPL,13,44,40,172,6880.00,2019-11-03 23:25:28.979655
876,2019110301003204,SKBBL,39,26,400,920,368000.00,2019-11-03 23:25:28.979655
877,2019110301003205,SHPC,57,19,75,189,14175.00,2019-11-03 23:25:28.979655
878,2019110301003206,SJCL,40,44,20,168,3360.00,2019-11-03 23:25:28.979655
879,2019110301003207,NICA,37,28,100,404,40400.00,2019-11-03 23:25:28.979655
880,2019110301003208,SRBL,40,51,59,210,12390.00,2019-11-03 23:25:28.979655
881,2019110301003209,SRBL,17,51,500,209,104500.00,2019-11-03 23:25:28.979655
882,2019110301003210,SRBL,34,51,50,209,10450.00,2019-11-03 23:25:28.979655
883,2019110301003211,SRBL,34,51,125,209,26125.00,2019-11-03 23:25:28.979655
884,2019110301003212,SRBL,34,17,75,209,15675.00,2019-11-03 23:25:28.979655
885,2019110301003166,CHCL,34,17,60,420,25200.00,2019-11-03 23:25:28.979655
886,2019110301003167,SJCL,40,38,10,168,1680.00,2019-11-03 23:25:28.979655
887,2019110301003168,PCBL,57,53,490,263,128870.00,2019-11-03 23:25:28.979655
888,2019110301003169,PIC,39,49,673,362,243626.00,2019-11-03 23:25:28.979655
889,2019110301003170,PIC,44,49,50,362,18100.00,2019-11-03 23:25:28.979655
890,2019110301003171,PIC,45,49,10,362,3620.00,2019-11-03 23:25:28.979655
891,2019110301003172,PIC,11,49,50,362,18100.00,2019-11-03 23:25:28.979655
892,2019110301003173,PIC,39,49,100,362,36200.00,2019-11-03 23:25:28.979655
893,2019110301003174,RHPL,16,44,40,171,6840.00,2019-11-03 23:25:28.979655
894,2019110301003175,RHPL,16,38,30,171,5130.00,2019-11-03 23:25:28.979655
895,2019110301003176,ADBL,42,3,10,412,4120.00,2019-11-03 23:25:28.979655
896,2019110301003177,HGI,40,37,20,265,5300.00,2019-11-03 23:25:28.979655
897,2019110301003178,EBL,28,25,50,557,27850.00,2019-11-03 23:25:28.979655
898,2019110301003179,EBL,28,33,50,557,27850.00,2019-11-03 23:25:28.979655
899,2019110301003180,EBL,28,19,100,558,55800.00,2019-11-03 23:25:28.979655
900,2019110301003181,EBL,28,28,103,559,57577.00,2019-11-03 23:25:28.979655
901,2019110301003182,SCB,29,29,30,560,16800.00,2019-11-03 23:25:28.979655
902,2019110301003183,SCB,32,29,57,560,31920.00,2019-11-03 23:25:28.979655
903,2019110301003184,SCB,7,29,13,560,7280.00,2019-11-03 23:25:28.979655
904,2019110301003185,SJCL,40,38,10,168,1680.00,2019-11-03 23:25:28.979655
905,2019110301003186,RRHP,22,20,10,100,1000.00,2019-11-03 23:25:28.979655
906,2019110301003187,SBL,46,17,109,295,32155.00,2019-11-03 23:25:28.979655
907,2019110301003188,SBL,5,17,300,295,88500.00,2019-11-03 23:25:28.979655
908,2019110301003189,GBBL,42,10,20,222,4440.00,2019-11-03 23:25:28.979655
909,2019110301003190,SCB,7,20,20,560,11200.00,2019-11-03 23:25:28.979655
910,2019110301003191,BOKL,49,29,50,224,11200.00,2019-11-03 23:25:28.979655
911,2019110301003192,BOKL,13,29,175,224,39200.00,2019-11-03 23:25:28.979655
912,2019110301003193,CBBL,13,6,25,971,24275.00,2019-11-03 23:25:28.979655
913,2019110301003194,NICA,44,28,100,404,40400.00,2019-11-03 23:25:28.979655
914,2019110301003195,SJCL,40,44,20,168,3360.00,2019-11-03 23:25:28.979655
915,2019110301003196,LLBS,18,53,50,673,33650.00,2019-11-03 23:25:28.979655
916,2019110301003149,SANIMA,40,47,100,306,30600.00,2019-11-03 23:25:28.979655
917,2019110301003150,SANIMA,4,47,899,305,274195.00,2019-11-03 23:25:28.979655
918,2019110301003151,EBL,22,48,545,556,303020.00,2019-11-03 23:25:28.979655
919,2019110301003152,NADEP,19,20,20,390,7800.00,2019-11-03 23:25:28.979655
920,2019110301003153,RHPL,16,38,30,171,5130.00,2019-11-03 23:25:28.979655
921,2019110301003154,PRVU,17,44,719,268,192692.00,2019-11-03 23:25:28.979655
922,2019110301003155,PRVU,17,14,47,268,12596.00,2019-11-03 23:25:28.979655
923,2019110301003156,PRVU,17,4,634,268,169912.00,2019-11-03 23:25:28.979655
924,2019110301003157,NIB,42,20,17,440,7480.00,2019-11-03 23:25:28.979655
925,2019110301003158,NIB,16,20,27,440,11880.00,2019-11-03 23:25:28.979655
926,2019110301003159,SJCL,40,38,10,168,1680.00,2019-11-03 23:25:28.979655
927,2019110301003160,NABIL,56,58,15,755,11325.00,2019-11-03 23:25:28.979655
928,2019110301003161,NLIC,55,20,22,799,17578.00,2019-11-03 23:25:28.979655
929,2019110301003162,SHIVM,46,3,400,488,195200.00,2019-11-03 23:25:28.979655
930,2019110301003163,SHIVM,34,3,100,488,48800.00,2019-11-03 23:25:28.979655
931,2019110301003164,RHPL,16,38,30,171,5130.00,2019-11-03 23:25:28.979655
932,2019110301003165,CZBIL,57,29,150,191,28650.00,2019-11-03 23:25:28.979655
933,2019110301003128,PLIC,49,38,500,312,156000.00,2019-11-03 23:25:28.979655
934,2019110301003129,PLIC,41,38,20,312,6240.00,2019-11-03 23:25:28.979655
935,2019110301003130,PLIC,1,38,200,312,62400.00,2019-11-03 23:25:28.979655
936,2019110301003131,PLIC,16,38,10,311,3110.00,2019-11-03 23:25:28.979655
937,2019110301003132,SBL,6,17,209,295,61655.00,2019-11-03 23:25:28.979655
938,2019110301003133,SBL,5,17,150,295,44250.00,2019-11-03 23:25:28.979655
939,2019110301003134,SBL,29,17,50,295,14750.00,2019-11-03 23:25:28.979655
940,2019110301003135,SBL,46,17,91,295,26845.00,2019-11-03 23:25:28.979655
941,2019110301003136,NCCB,8,29,68,201,13668.00,2019-11-03 23:25:28.979655
942,2019110301003137,RHPL,16,44,40,171,6840.00,2019-11-03 23:25:28.979655
943,2019110301003138,BFC,8,33,120,90,10800.00,2019-11-03 23:25:28.979655
944,2019110301003139,SABSL,32,44,10,448,4480.00,2019-11-03 23:25:28.979655
945,2019110301003140,KBL,34,29,14,180,2520.00,2019-11-03 23:25:28.979655
946,2019110301003141,KBL,43,29,36,180,6480.00,2019-11-03 23:25:28.979655
947,2019110301003142,PRVU,49,44,500,268,134000.00,2019-11-03 23:25:28.979655
948,2019110301003143,GBBL,17,10,40,222,8880.00,2019-11-03 23:25:28.979655
949,2019110301003144,LBL,28,48,65,220,14300.00,2019-11-03 23:25:28.979655
950,2019110301003145,LBL,28,26,500,220,110000.00,2019-11-03 23:25:28.979655
951,2019110301003146,SCB,40,29,30,561,16830.00,2019-11-03 23:25:28.979655
952,2019110301003147,SJCL,40,44,20,168,3360.00,2019-11-03 23:25:28.979655
953,2019110301003148,HPPL,45,20,20,137,2740.00,2019-11-03 23:25:28.979655
954,2019110301003100,CHCL,6,35,37,419,15503.00,2019-11-03 23:25:28.979655
955,2019110301003101,CHCL,28,35,114,419,47766.00,2019-11-03 23:25:28.979655
956,2019110301003102,NTC,55,59,80,628,50240.00,2019-11-03 23:25:28.979655
957,2019110301003103,NTC,22,59,200,627,125400.00,2019-11-03 23:25:28.979655
958,2019110301003104,NTC,42,59,10,626,6260.00,2019-11-03 23:25:28.979655
959,2019110301003105,NTC,57,59,200,626,125200.00,2019-11-03 23:25:28.979655
960,2019110301003106,NTC,42,59,10,626,6260.00,2019-11-03 23:25:28.979655
961,2019110301003107,NBB,49,58,200,211,42200.00,2019-11-03 23:25:28.979655
962,2019110301003108,SBI,6,5,10,405,4050.00,2019-11-03 23:25:28.979655
963,2019110301003109,SBI,6,5,50,404,20200.00,2019-11-03 23:25:28.979655
964,2019110301003110,SBI,7,5,478,404,193112.00,2019-11-03 23:25:28.979655
965,2019110301003111,GBLBS,55,20,15,308,4620.00,2019-11-03 23:25:28.979655
966,2019110301003112,EBL,7,48,400,556,222400.00,2019-11-03 23:25:28.979655
967,2019110301003113,NBB,25,33,404,209,84436.00,2019-11-03 23:25:28.979655
968,2019110301003114,SRBL,40,1,100,210,21000.00,2019-11-03 23:25:28.979655
969,2019110301003115,UPPER,49,29,170,234,39780.00,2019-11-03 23:25:28.979655
970,2019110301003116,NTC,59,44,10,633,6330.00,2019-11-03 23:25:28.979655
971,2019110301003117,SJCL,40,44,20,168,3360.00,2019-11-03 23:25:28.979655
972,2019110301003118,RHPL,16,40,10,171,1710.00,2019-11-03 23:25:28.979655
973,2019110301003119,SABSL,10,44,10,449,4490.00,2019-11-03 23:25:28.979655
974,2019110301003120,KBL,58,45,10,181,1810.00,2019-11-03 23:25:28.979655
975,2019110301003121,PRVU,45,5,200,267,53400.00,2019-11-03 23:25:28.979655
976,2019110301003122,NLICL,25,17,59,425,25075.00,2019-11-03 23:25:28.979655
977,2019110301003123,NLICL,56,17,796,424,337504.00,2019-11-03 23:25:28.979655
978,2019110301003124,SANIMA,50,43,179,306,54774.00,2019-11-03 23:25:28.979655
979,2019110301003125,SANIMA,45,43,20,306,6120.00,2019-11-03 23:25:28.979655
980,2019110301003126,SANIMA,4,43,200,305,61000.00,2019-11-03 23:25:28.979655
981,2019110301003127,SANIMA,4,43,101,305,30805.00,2019-11-03 23:25:28.979655
982,2019110301003076,MLBL,32,48,10,213,2130.00,2019-11-03 23:25:28.979655
983,2019110301003077,SHIVM,34,48,50,489,24450.00,2019-11-03 23:25:28.979655
984,2019110301003078,SHIVM,34,48,50,489,24450.00,2019-11-03 23:25:28.979655
985,2019110301003079,SHIVM,46,48,100,489,48900.00,2019-11-03 23:25:28.979655
986,2019110301003080,ILBS,32,51,20,436,8720.00,2019-11-03 23:25:28.979655
987,2019110301003081,PRVU,45,1,200,267,53400.00,2019-11-03 23:25:28.979655
988,2019110301003082,RHPL,16,44,40,171,6840.00,2019-11-03 23:25:28.979655
989,2019110301003083,RSDC,38,38,50,325,16250.00,2019-11-03 23:25:28.979655
990,2019110301003084,ALICL,55,17,47,311,14617.00,2019-11-03 23:25:28.979655
991,2019110301003085,ALICL,16,17,203,310,62930.00,2019-11-03 23:25:28.979655
992,2019110301003086,BPCL,58,20,22,358,7876.00,2019-11-03 23:25:28.979655
993,2019110301003087,NBB,25,48,863,210,181230.00,2019-11-03 23:25:28.979655
994,2019110301003088,NBB,25,59,612,210,128520.00,2019-11-03 23:25:28.979655
995,2019110301003089,NBB,25,28,373,210,78330.00,2019-11-03 23:25:28.979655
996,2019110301003090,SJCL,40,39,20,168,3360.00,2019-11-03 23:25:28.979655
997,2019110301003091,AKBSL,48,21,10,408,4080.00,2019-11-03 23:25:28.979655
998,2019110301003092,PCBL,10,45,41,263,10783.00,2019-11-03 23:25:28.979655
999,2019110301003093,PCBL,57,45,10,263,2630.00,2019-11-03 23:25:28.979655
1000,2019110301003094,SJCL,40,44,20,168,3360.00,2019-11-03 23:25:28.979655
1001,2019110301003095,CHL,58,20,10,79,790.00,2019-11-03 23:25:28.979655
1002,2019110301003096,SCB,16,29,50,561,28050.00,2019-11-03 23:25:28.979655
1003,2019110301003097,SBL,6,1,150,295,44250.00,2019-11-03 23:25:28.979655
1004,2019110301003098,HPPL,18,18,10,138,1380.00,2019-11-03 23:25:28.979655
1005,2019110301003099,RHPL,16,44,40,171,6840.00,2019-11-03 23:25:28.979655
1006,2019110301003053,UPCL,37,44,50,74,3700.00,2019-11-03 23:25:28.979655
1007,2019110301003054,GRDBL,42,57,100,105,10500.00,2019-11-03 23:25:28.979655
1008,2019110301003055,RHPL,16,44,40,171,6840.00,2019-11-03 23:25:28.979655
1009,2019110301003056,BOKL,40,47,200,224,44800.00,2019-11-03 23:25:28.979655
1010,2019110301003057,DBBL,26,14,1931,124,239444.00,2019-11-03 23:25:28.979655
1011,2019110301003058,NABIL,55,29,170,754,128180.00,2019-11-03 23:25:28.979655
1012,2019110301003059,RHPC,3,57,23,79,1817.00,2019-11-03 23:25:28.979655
1013,2019110301003060,SMFBS,32,44,10,768,7680.00,2019-11-03 23:25:28.979655
1014,2019110301003061,NLIC,42,14,25,800,20000.00,2019-11-03 23:25:28.979655
1015,2019110301003062,NBB,3,48,10,210,2100.00,2019-11-03 23:25:28.979655
1016,2019110301003063,NIB,45,29,55,440,24200.00,2019-11-03 23:25:28.979655
1017,2019110301003064,NIB,35,29,50,440,22000.00,2019-11-03 23:25:28.979655
1018,2019110301003065,NIB,36,29,200,440,88000.00,2019-11-03 23:25:28.979655
1019,2019110301003066,NIB,25,29,50,440,22000.00,2019-11-03 23:25:28.979655
1020,2019110301003067,NIB,42,29,133,440,58520.00,2019-11-03 23:25:28.979655
1021,2019110301003068,SJCL,40,44,20,168,3360.00,2019-11-03 23:25:28.979655
1022,2019110301003069,PRVU,45,44,500,268,134000.00,2019-11-03 23:25:28.979655
1023,2019110301003070,API,3,42,10,110,1100.00,2019-11-03 23:25:28.979655
1024,2019110301003071,NIBPO,7,51,100,409,40900.00,2019-11-03 23:25:28.979655
1025,2019110301003072,NIBPO,7,44,500,410,205000.00,2019-11-03 23:25:28.979655
1026,2019110301003073,NIBPO,7,28,500,412,206000.00,2019-11-03 23:25:28.979655
1027,2019110301003074,SANIMA,4,29,150,306,45900.00,2019-11-03 23:25:28.979655
1028,2019110301003075,SANIMA,50,29,10,306,3060.00,2019-11-03 23:25:28.979655
1029,2019110301003021,UPCL,52,18,20,75,1500.00,2019-11-03 23:25:28.979655
1030,2019110301003022,SABSL,10,44,10,449,4490.00,2019-11-03 23:25:28.979655
1031,2019110301003023,NICA,22,28,100,404,40400.00,2019-11-03 23:25:28.979655
1032,2019110301003024,UPPER,49,18,50,234,11700.00,2019-11-03 23:25:28.979655
1033,2019110301003025,ILBS,32,58,10,436,4360.00,2019-11-03 23:25:28.979655
1034,2019110301003026,CBBL,29,25,17,972,16524.00,2019-11-03 23:25:28.979655
1035,2019110301003027,BOKL,19,47,179,225,40275.00,2019-11-03 23:25:28.979655
1036,2019110301003028,BOKL,41,47,100,225,22500.00,2019-11-03 23:25:28.979655
1037,2019110301003029,BOKL,25,47,1000,225,225000.00,2019-11-03 23:25:28.979655
1038,2019110301003030,NIB,38,22,45,440,19800.00,2019-11-03 23:25:28.979655
1039,2019110301003031,NIB,43,22,50,440,22000.00,2019-11-03 23:25:28.979655
1040,2019110301003032,NIB,38,22,10,440,4400.00,2019-11-03 23:25:28.979655
1041,2019110301003033,NIB,56,22,50,440,22000.00,2019-11-03 23:25:28.979655
1042,2019110301003034,NIB,45,22,195,440,85800.00,2019-11-03 23:25:28.979655
1043,2019110301003035,SHIVM,45,28,100,490,49000.00,2019-11-03 23:25:28.979655
1044,2019110301003036,SJCL,40,44,20,168,3360.00,2019-11-03 23:25:28.979655
1045,2019110301003037,CZBIL,42,13,24,192,4608.00,2019-11-03 23:25:28.979655
1046,2019110301003038,CZBIL,42,37,22,192,4224.00,2019-11-03 23:25:28.979655
1047,2019110301003039,NABIL,56,58,100,755,75500.00,2019-11-03 23:25:28.979655
1048,2019110301003040,UPCL,37,18,30,74,2220.00,2019-11-03 23:25:28.979655
1049,2019110301003041,EDBL,42,45,100,270,27000.00,2019-11-03 23:25:28.979655
1050,2019110301003042,PIC,39,56,17,362,6154.00,2019-11-03 23:25:28.979655
1051,2019110301003043,CBBL,32,49,20,974,19480.00,2019-11-03 23:25:28.979655
1052,2019110301003044,CBBL,32,58,35,974,34090.00,2019-11-03 23:25:28.979655
1053,2019110301003045,NABIL,56,58,400,755,302000.00,2019-11-03 23:25:28.979655
1054,2019110301003046,HPPL,45,44,10,137,1370.00,2019-11-03 23:25:28.979655
1055,2019110301003047,BOKL,26,47,100,224,22400.00,2019-11-03 23:25:28.979655
1056,2019110301003048,BOKL,29,47,50,224,11200.00,2019-11-03 23:25:28.979655
1057,2019110301003049,BOKL,22,47,450,224,100800.00,2019-11-03 23:25:28.979655
1058,2019110301003050,BOKL,55,47,500,224,112000.00,2019-11-03 23:25:28.979655
1059,2019110301003051,BOKL,38,47,200,224,44800.00,2019-11-03 23:25:28.979655
1060,2019110301003052,NADEP,55,48,10,395,3950.00,2019-11-03 23:25:28.979655
1061,2019110301003005,PMHPL,58,18,10,85,850.00,2019-11-03 23:25:28.979655
1062,2019110301003006,API,35,25,100,110,11000.00,2019-11-03 23:25:28.979655
1063,2019110301003007,API,35,42,100,110,11000.00,2019-11-03 23:25:28.979655
1064,2019110301003008,CBL,7,53,900,142,127800.00,2019-11-03 23:25:28.979655
1065,2019110301003009,CBL,7,48,2100,142,298200.00,2019-11-03 23:25:28.979655
1066,2019110301003010,SABSL,36,44,10,450,4500.00,2019-11-03 23:25:28.979655
1067,2019110301003011,LBL,32,48,2000,220,440000.00,2019-11-03 23:25:28.979655
1068,2019110301003012,UPPER,49,56,50,234,11700.00,2019-11-03 23:25:28.979655
1069,2019110301003013,UPPER,32,52,100,235,23500.00,2019-11-03 23:25:28.979655
1070,2019110301003014,ADBL,39,42,500,411,205500.00,2019-11-03 23:25:28.979655
1071,2019110301003015,ADBL,22,42,25,411,10275.00,2019-11-03 23:25:28.979655
1072,2019110301003016,SLBSL,7,18,10,711,7110.00,2019-11-03 23:25:28.979655
1073,2019110301003017,NABIL,13,58,400,755,302000.00,2019-11-03 23:25:28.979655
1074,2019110301003018,RHPL,44,44,20,171,3420.00,2019-11-03 23:25:28.979655
1075,2019110301003019,RHPL,16,44,20,171,3420.00,2019-11-03 23:25:28.979655
1076,2019110301003020,ILBS,55,47,10,439,4390.00,2019-11-03 23:25:28.979655
1077,2019110301002990,PFL,28,18,10,133,1330.00,2019-11-03 23:25:28.979655
1078,2019110301002991,MEGA,43,13,500,190,95000.00,2019-11-03 23:25:28.979655
1079,2019110301002992,UPPER,55,52,100,235,23500.00,2019-11-03 23:25:28.979655
1080,2019110301002993,SADBL,48,48,20,138,2760.00,2019-11-03 23:25:28.979655
1081,2019110301002994,MERO,52,44,17,562,9554.00,2019-11-03 23:25:28.979655
1082,2019110301002995,UPCL,52,56,80,75,6000.00,2019-11-03 23:25:28.979655
1083,2019110301002996,BOKL,6,42,27,225,6075.00,2019-11-03 23:25:28.979655
1084,2019110301002997,BOKL,44,42,50,225,11250.00,2019-11-03 23:25:28.979655
1085,2019110301002998,BOKL,33,42,130,225,29250.00,2019-11-03 23:25:28.979655
1086,2019110301002999,BOKL,19,42,21,225,4725.00,2019-11-03 23:25:28.979655
1087,2019110301003000,PFL,13,18,16,132,2112.00,2019-11-03 23:25:28.979655
1088,2019110301003001,HIDCL,6,33,319,134,42746.00,2019-11-03 23:25:28.979655
1089,2019110301003002,NBL,32,20,100,315,31500.00,2019-11-03 23:25:28.979655
1090,2019110301003003,NLICL,11,44,70,425,29750.00,2019-11-03 23:25:28.979655
1091,2019110301003004,NLICL,25,44,21,425,8925.00,2019-11-03 23:25:28.979655
1092,2019110301002973,NABIL,35,50,20,754,15080.00,2019-11-03 23:25:28.979655
1093,2019110301002974,NABIL,37,50,30,754,22620.00,2019-11-03 23:25:28.979655
1094,2019110301002975,NABIL,33,50,200,754,150800.00,2019-11-03 23:25:28.979655
1095,2019110301002976,NABIL,35,50,50,754,37700.00,2019-11-03 23:25:28.979655
1096,2019110301002977,NABIL,44,50,100,754,75400.00,2019-11-03 23:25:28.979655
1097,2019110301002978,NABIL,55,50,29,754,21866.00,2019-11-03 23:25:28.979655
1098,2019110301002979,NLIC,55,42,62,799,49538.00,2019-11-03 23:25:28.979655
1099,2019110301002980,CHCL,6,37,95,419,39805.00,2019-11-03 23:25:28.979655
1100,2019110301002981,RHPL,44,56,30,171,5130.00,2019-11-03 23:25:28.979655
1101,2019110301002982,GBBL,55,22,322,221,71162.00,2019-11-03 23:25:28.979655
1102,2019110301002983,NBL,6,42,250,314,78500.00,2019-11-03 23:25:28.979655
1103,2019110301002984,MEGA,41,13,20,190,3800.00,2019-11-03 23:25:28.979655
1104,2019110301002985,NLICL,1,48,13,430,5590.00,2019-11-03 23:25:28.979655
1105,2019110301002986,HIDCL,39,42,61,132,8052.00,2019-11-03 23:25:28.979655
1106,2019110301002987,SJCL,40,56,20,168,3360.00,2019-11-03 23:25:28.979655
1107,2019110301002988,DBBL,40,14,138,123,16974.00,2019-11-03 23:25:28.979655
1108,2019110301002989,DBBL,45,14,1000,123,123000.00,2019-11-03 23:25:28.979655
1109,2019110301002966,BPCL,58,18,55,358,19690.00,2019-11-03 23:25:28.979655
1110,2019110301002967,NABIL,22,58,500,755,377500.00,2019-11-03 23:25:28.979655
1111,2019110301002968,RHPL,44,44,40,171,6840.00,2019-11-03 23:25:28.979655
1112,2019110301002969,GBLBS,55,18,15,308,4620.00,2019-11-03 23:25:28.979655
1113,2019110301002970,SJCL,40,44,20,168,3360.00,2019-11-03 23:25:28.979655
1114,2019110301002971,PRVU,19,44,20,268,5360.00,2019-11-03 23:25:28.979655
1115,2019110301002972,UPPER,17,52,150,235,35250.00,2019-11-03 23:25:28.979655
1116,2019110301002956,NBL,6,59,200,314,62800.00,2019-11-03 23:25:28.979655
1117,2019110301002957,GMFBS,10,56,14,468,6552.00,2019-11-03 23:25:28.979655
1118,2019110301002958,SJCL,40,44,20,168,3360.00,2019-11-03 23:25:28.979655
1119,2019110301002959,GMFBS,10,4,20,469,9380.00,2019-11-03 23:25:28.979655
1120,2019110301002960,MEGA,10,50,43,189,8127.00,2019-11-03 23:25:28.979655
1121,2019110301002961,SRBL,40,6,77,210,16170.00,2019-11-03 23:25:28.979655
1122,2019110301002962,NICA,44,50,17,404,6868.00,2019-11-03 23:25:28.979655
1123,2019110301002963,NICA,44,28,83,404,33532.00,2019-11-03 23:25:28.979655
1124,2019110301002964,EBL,16,48,50,556,27800.00,2019-11-03 23:25:28.979655
1125,2019110301002965,AKBSL,48,44,10,408,4080.00,2019-11-03 23:25:28.979655
1126,2019110301002939,RHPL,44,44,40,171,6840.00,2019-11-03 23:25:28.979655
1127,2019110301002940,UPPER,49,42,40,234,9360.00,2019-11-03 23:25:28.979655
1128,2019110301002941,SLICL,7,38,300,260,78000.00,2019-11-03 23:25:28.979655
1129,2019110301002942,NCCB,58,49,10,203,2030.00,2019-11-03 23:25:28.979655
1130,2019110301002943,SJCL,40,44,20,168,3360.00,2019-11-03 23:25:28.979655
1131,2019110301002944,NABIL,43,58,500,755,377500.00,2019-11-03 23:25:28.979655
1132,2019110301002945,CHL,58,18,10,79,790.00,2019-11-03 23:25:28.979655
1133,2019110301002946,EBL,47,50,76,555,42180.00,2019-11-03 23:25:28.979655
1134,2019110301002947,NABIL,43,58,200,755,151000.00,2019-11-03 23:25:28.979655
1135,2019110301002948,AKBSL,48,44,10,408,4080.00,2019-11-03 23:25:28.979655
1136,2019110301002949,ALICL,25,19,64,314,20096.00,2019-11-03 23:25:28.979655
1137,2019110301002950,RHPL,44,44,40,171,6840.00,2019-11-03 23:25:28.979655
1138,2019110301002951,GMFBS,10,39,10,460,4600.00,2019-11-03 23:25:28.979655
1139,2019110301002952,PRVU,42,44,37,268,9916.00,2019-11-03 23:25:28.979655
1140,2019110301002953,MNBBL,58,17,38,317,12046.00,2019-11-03 23:25:28.979655
1141,2019110301002954,MNBBL,58,35,170,317,53890.00,2019-11-03 23:25:28.979655
1142,2019110301002955,MNBBL,58,45,113,317,35821.00,2019-11-03 23:25:28.979655
1143,2019110301002920,SJCL,40,44,20,168,3360.00,2019-11-03 23:25:28.979655
1144,2019110301002921,AKJCL,11,18,10,52,520.00,2019-11-03 23:25:28.979655
1145,2019110301002922,DBBL,40,48,62,123,7626.00,2019-11-03 23:25:28.979655
1146,2019110301002923,RRHP,22,57,20,100,2000.00,2019-11-03 23:25:28.979655
1147,2019110301002924,SHIVM,34,25,150,489,73350.00,2019-11-03 23:25:28.979655
1148,2019110301002925,PRVU,42,44,74,268,19832.00,2019-11-03 23:25:28.979655
1149,2019110301002926,NBB,53,48,140,210,29400.00,2019-11-03 23:25:28.979655
1150,2019110301002927,NBB,11,48,100,210,21000.00,2019-11-03 23:25:28.979655
1151,2019110301002928,BPCL,47,18,55,357,19635.00,2019-11-03 23:25:28.979655
1152,2019110301002929,AKJCL,59,56,10,53,530.00,2019-11-03 23:25:28.979655
1153,2019110301002930,AKJCL,59,34,20,53,1060.00,2019-11-03 23:25:28.979655
1154,2019110301002931,HPPL,18,18,10,138,1380.00,2019-11-03 23:25:28.979655
1155,2019110301002932,MLBL,32,22,150,212,31800.00,2019-11-03 23:25:28.979655
1156,2019110301002933,MLBL,13,22,62,212,13144.00,2019-11-03 23:25:28.979655
1157,2019110301002934,SRBL,7,28,27,210,5670.00,2019-11-03 23:25:28.979655
1158,2019110301002935,SRBL,7,6,573,210,120330.00,2019-11-03 23:25:28.979655
1159,2019110301002936,NBL,6,48,63,314,19782.00,2019-11-03 23:25:28.979655
1160,2019110301002937,GBBL,45,10,20,222,4440.00,2019-11-03 23:25:28.979655
1161,2019110301002938,FOWAD,56,13,100,1280,128000.00,2019-11-03 23:25:28.979655
1162,2019110301002906,NLIC,49,44,13,800,10400.00,2019-11-03 23:25:28.979655
1163,2019110301002907,NLIC,49,14,57,800,45600.00,2019-11-03 23:25:28.979655
1164,2019110301002908,SMFBS,32,18,10,768,7680.00,2019-11-03 23:25:28.979655
1165,2019110301002909,UPCL,52,18,50,75,3750.00,2019-11-03 23:25:28.979655
1166,2019110301002910,MNBBL,57,17,100,317,31700.00,2019-11-03 23:25:28.979655
1167,2019110301002911,NABIL,43,58,485,755,366175.00,2019-11-03 23:25:28.979655
1168,2019110301002912,GBBL,55,48,290,221,64090.00,2019-11-03 23:25:28.979655
1169,2019110301002913,DBBL,7,48,2500,123,307500.00,2019-11-03 23:25:28.979655
1170,2019110301002914,UPPER,49,18,50,234,11700.00,2019-11-03 23:25:28.979655
1171,2019110301002915,NLIC,34,14,100,800,80000.00,2019-11-03 23:25:28.979655
1172,2019110301002916,BPCL,47,18,20,358,7160.00,2019-11-03 23:25:28.979655
1173,2019110301002917,HBL,53,17,24,495,11880.00,2019-11-03 23:25:28.979655
1174,2019110301002918,MNBBL,57,17,200,317,63400.00,2019-11-03 23:25:28.979655
1175,2019110301002919,MBL,22,36,284,227,64468.00,2019-11-03 23:25:28.979655
1176,2019110301002890,LBL,32,50,16,219,3504.00,2019-11-03 23:25:28.979655
1177,2019110301002891,MBL,6,48,395,226,89270.00,2019-11-03 23:25:28.979655
1178,2019110301002892,MBL,13,48,200,226,45200.00,2019-11-03 23:25:28.979655
1179,2019110301002893,MBL,50,48,405,226,91530.00,2019-11-03 23:25:28.979655
1180,2019110301002894,SHPC,55,42,1000,189,189000.00,2019-11-03 23:25:28.979655
1181,2019110301002895,SHIVM,46,28,160,490,78400.00,2019-11-03 23:25:28.979655
1182,2019110301002896,HPPL,18,18,10,138,1380.00,2019-11-03 23:25:28.979655
1183,2019110301002897,PPCL,45,41,100,95,9500.00,2019-11-03 23:25:28.979655
1184,2019110301002898,PPCL,45,52,100,95,9500.00,2019-11-03 23:25:28.979655
1185,2019110301002899,BOKL,6,43,239,225,53775.00,2019-11-03 23:25:28.979655
1186,2019110301002900,LBL,45,48,550,220,121000.00,2019-11-03 23:25:28.979655
1187,2019110301002901,PFL,13,18,26,132,3432.00,2019-11-03 23:25:28.979655
1188,2019110301002902,LBL,19,48,100,220,22000.00,2019-11-03 23:25:28.979655
1189,2019110301002903,MLBL,50,48,25,213,5325.00,2019-11-03 23:25:28.979655
1190,2019110301002904,MLBL,45,48,50,213,10650.00,2019-11-03 23:25:28.979655
1191,2019110301002905,RHPL,44,44,40,171,6840.00,2019-11-03 23:25:28.979655
1192,2019110301002875,LBBL,35,48,412,173,71276.00,2019-11-03 23:25:28.979655
1193,2019110301002876,SBL,42,17,200,296,59200.00,2019-11-03 23:25:28.979655
1194,2019110301002877,GBLBS,55,18,15,308,4620.00,2019-11-03 23:25:28.979655
1195,2019110301002878,PIC,38,38,8,359,2872.00,2019-11-03 23:25:28.979655
1196,2019110301002879,PCBL,10,22,459,263,120717.00,2019-11-03 23:25:28.979655
1197,2019110301002880,NABIL,54,58,15,755,11325.00,2019-11-03 23:25:28.979655
1198,2019110301002881,LBL,32,48,282,220,62040.00,2019-11-03 23:25:28.979655
1199,2019110301002882,ADBL,21,22,159,411,65349.00,2019-11-03 23:25:28.979655
1200,2019110301002883,ADBL,6,22,50,411,20550.00,2019-11-03 23:25:28.979655
1201,2019110301002884,ADBL,49,22,300,411,123300.00,2019-11-03 23:25:28.979655
1202,2019110301002885,ADBL,22,22,50,411,20550.00,2019-11-03 23:25:28.979655
1203,2019110301002886,ADBL,53,22,13,411,5343.00,2019-11-03 23:25:28.979655
1204,2019110301002887,NBB,57,40,840,210,176400.00,2019-11-03 23:25:28.979655
1205,2019110301002888,NBB,53,40,160,210,33600.00,2019-11-03 23:25:28.979655
1206,2019110301002889,AKBSL,48,44,10,408,4080.00,2019-11-03 23:25:28.979655
1207,2019110301002857,SJCL,40,46,20,168,3360.00,2019-11-03 23:25:28.979655
1208,2019110301002858,CBL,38,50,39,141,5499.00,2019-11-03 23:25:28.979655
1209,2019110301002859,LBL,32,25,178,220,39160.00,2019-11-03 23:25:28.979655
1210,2019110301002860,LBL,32,37,400,220,88000.00,2019-11-03 23:25:28.979655
1211,2019110301002861,LBL,32,45,40,220,8800.00,2019-11-03 23:25:28.979655
1212,2019110301002862,LBL,32,36,100,220,22000.00,2019-11-03 23:25:28.979655
1213,2019110301002863,NGPL,59,43,45,99,4455.00,2019-11-03 23:25:28.979655
1214,2019110301002864,BPCL,49,18,35,358,12530.00,2019-11-03 23:25:28.979655
1215,2019110301002865,NLICL,11,49,30,425,12750.00,2019-11-03 23:25:28.979655
1216,2019110301002866,NCCB,8,43,92,201,18492.00,2019-11-03 23:25:28.979655
1217,2019110301002867,EBL,42,48,200,556,111200.00,2019-11-03 23:25:28.979655
1218,2019110301002868,PIC,38,38,8,359,2872.00,2019-11-03 23:25:28.979655
1219,2019110301002869,MEGA,22,25,40,189,7560.00,2019-11-03 23:25:28.979655
1220,2019110301002870,MEGA,25,25,50,189,9450.00,2019-11-03 23:25:28.979655
1221,2019110301002871,MEGA,10,25,910,189,171990.00,2019-11-03 23:25:28.979655
1222,2019110301002872,SBL,7,17,100,296,29600.00,2019-11-03 23:25:28.979655
1223,2019110301002873,EBL,11,50,100,555,55500.00,2019-11-03 23:25:28.979655
1224,2019110301002874,CHL,58,18,10,79,790.00,2019-11-03 23:25:28.979655
1225,2019110301002849,AKJCL,11,18,10,52,520.00,2019-11-03 23:25:28.979655
1226,2019110301002850,ALBSL,47,43,40,387,15480.00,2019-11-03 23:25:28.979655
1227,2019110301002851,RHPL,44,17,50,171,8550.00,2019-11-03 23:25:28.979655
1228,2019110301002852,LBBL,35,57,120,173,20760.00,2019-11-03 23:25:28.979655
1229,2019110301002853,KBL,58,58,10,183,1830.00,2019-11-03 23:25:28.979655
1230,2019110301002854,LBL,11,37,100,220,22000.00,2019-11-03 23:25:28.979655
1231,2019110301002855,RHPL,44,46,20,171,3420.00,2019-11-03 23:25:28.979655
1232,2019110301002856,BOKL,6,50,98,225,22050.00,2019-11-03 23:25:28.979655
1233,2019110301002834,CBBL,40,37,10,972,9720.00,2019-11-03 23:25:28.979655
1234,2019110301002835,CBBL,32,37,155,969,150195.00,2019-11-03 23:25:28.979655
1235,2019110301002836,API,33,42,40,110,4400.00,2019-11-03 23:25:28.979655
1236,2019110301002837,CCBL,34,57,79,155,12245.00,2019-11-03 23:25:28.979655
1237,2019110301002838,CCBL,6,57,38,155,5890.00,2019-11-03 23:25:28.979655
1238,2019110301002839,UPPER,16,52,213,235,50055.00,2019-11-03 23:25:28.979655
1239,2019110301002840,UPPER,37,52,60,235,14100.00,2019-11-03 23:25:28.979655
1240,2019110301002841,UPPER,13,52,100,235,23500.00,2019-11-03 23:25:28.979655
1241,2019110301002842,UPPER,55,52,50,235,11750.00,2019-11-03 23:25:28.979655
1242,2019110301002843,GBBL,32,48,600,221,132600.00,2019-11-03 23:25:28.979655
1243,2019110301002844,PCBL,7,56,100,263,26300.00,2019-11-03 23:25:28.979655
1244,2019110301002845,HBL,51,22,20,496,9920.00,2019-11-03 23:25:28.979655
1245,2019110301002846,HBL,22,22,10,495,4950.00,2019-11-03 23:25:28.979655
1246,2019110301002847,HBL,53,22,23,495,11385.00,2019-11-03 23:25:28.979655
1247,2019110301002848,NIB,43,41,50,440,22000.00,2019-11-03 23:25:28.979655
1248,2019110301002822,NLIC,29,44,32,800,25600.00,2019-11-03 23:25:28.979655
1249,2019110301002823,NLIC,17,44,100,800,80000.00,2019-11-03 23:25:28.979655
1250,2019110301002824,SIC,45,58,10,454,4540.00,2019-11-03 23:25:28.979655
1251,2019110301002825,SIC,6,58,172,453,77916.00,2019-11-03 23:25:28.979655
1252,2019110301002826,MERO,22,49,200,565,113000.00,2019-11-03 23:25:28.979655
1253,2019110301002827,GBBL,32,57,400,221,88400.00,2019-11-03 23:25:28.979655
1254,2019110301002828,BOKL,51,51,262,225,58950.00,2019-11-03 23:25:28.979655
1255,2019110301002829,BOKL,48,51,10,225,2250.00,2019-11-03 23:25:28.979655
1256,2019110301002830,BOKL,6,51,136,225,30600.00,2019-11-03 23:25:28.979655
1257,2019110301002831,NBB,45,32,40,210,8400.00,2019-11-03 23:25:28.979655
1258,2019110301002832,NBB,57,32,660,210,138600.00,2019-11-03 23:25:28.979655
1259,2019110301002833,LLBS,42,17,10,670,6700.00,2019-11-03 23:25:28.979655
1260,2019110301002804,CCBL,34,33,78,155,12090.00,2019-11-03 23:25:28.979655
1261,2019110301002805,RRHP,47,18,10,99,990.00,2019-11-03 23:25:28.979655
1262,2019110301002806,AKJCL,11,56,10,52,520.00,2019-11-03 23:25:28.979655
1263,2019110301002807,DBBL,17,48,78,123,9594.00,2019-11-03 23:25:28.979655
1264,2019110301002808,AKJCL,11,56,10,52,520.00,2019-11-03 23:25:28.979655
1265,2019110301002809,HPPL,18,18,10,138,1380.00,2019-11-03 23:25:28.979655
1266,2019110301002810,UPCL,52,18,50,75,3750.00,2019-11-03 23:25:28.979655
1267,2019110301002811,SIC,19,58,50,458,22900.00,2019-11-03 23:25:28.979655
1268,2019110301002812,SIC,11,58,50,457,22850.00,2019-11-03 23:25:28.979655
1269,2019110301002813,SIC,43,58,20,455,9100.00,2019-11-03 23:25:28.979655
1270,2019110301002814,SIC,41,58,20,455,9100.00,2019-11-03 23:25:28.979655
1271,2019110301002815,SIC,39,58,50,455,22750.00,2019-11-03 23:25:28.979655
1272,2019110301002816,UPPER,16,18,40,235,9400.00,2019-11-03 23:25:28.979655
1273,2019110301002817,MEGA,51,25,898,189,169722.00,2019-11-03 23:25:28.979655
1274,2019110301002818,MEGA,28,25,600,189,113400.00,2019-11-03 23:25:28.979655
1275,2019110301002819,MEGA,45,25,25,189,4725.00,2019-11-03 23:25:28.979655
1276,2019110301002820,MEGA,28,25,494,189,93366.00,2019-11-03 23:25:28.979655
1277,2019110301002821,LVF1,11,14,16100,8.7,140070.00,2019-11-03 23:25:28.979655
1278,2019110301002785,AKJCL,11,56,10,52,520.00,2019-11-03 23:25:28.979655
1279,2019110301002786,NBL,35,34,200,315,63000.00,2019-11-03 23:25:28.979655
1280,2019110301002787,PFL,13,18,26,132,3432.00,2019-11-03 23:25:28.979655
1281,2019110301002788,ADBL,21,19,31,411,12741.00,2019-11-03 23:25:28.979655
1282,2019110301002789,RADHI,22,18,11,132,1452.00,2019-11-03 23:25:28.979655
1283,2019110301002790,CBL,56,22,14,141,1974.00,2019-11-03 23:25:28.979655
1284,2019110301002791,CBL,41,22,300,141,42300.00,2019-11-03 23:25:28.979655
1285,2019110301002792,CBL,41,22,500,141,70500.00,2019-11-03 23:25:28.979655
1286,2019110301002793,CBL,8,22,1000,141,141000.00,2019-11-03 23:25:28.979655
1287,2019110301002794,CBL,59,22,200,141,28200.00,2019-11-03 23:25:28.979655
1288,2019110301002795,CBL,22,22,100,141,14100.00,2019-11-03 23:25:28.979655
1289,2019110301002796,CBL,48,22,700,141,98700.00,2019-11-03 23:25:28.979655
1290,2019110301002797,CBL,5,22,493,141,69513.00,2019-11-03 23:25:28.979655
1291,2019110301002798,NABIL,6,58,188,755,141940.00,2019-11-03 23:25:28.979655
1292,2019110301002799,CBL,38,33,73,141,10293.00,2019-11-03 23:25:28.979655
1293,2019110301002800,AKJCL,11,56,10,52,520.00,2019-11-03 23:25:28.979655
1294,2019110301002801,TRH,32,34,500,280,140000.00,2019-11-03 23:25:28.979655
1295,2019110301002802,MBL,6,19,32,226,7232.00,2019-11-03 23:25:28.979655
1296,2019110301002803,PRVU,28,44,50,268,13400.00,2019-11-03 23:25:28.979655
1297,2019110301002763,SHIVM,34,36,40,490,19600.00,2019-11-03 23:25:28.979655
1298,2019110301002764,SHIVM,34,28,60,490,29400.00,2019-11-03 23:25:28.979655
1299,2019110301002765,PCBL,39,57,1241,263,326383.00,2019-11-03 23:25:28.979655
1300,2019110301002766,NIL,37,14,35,378,13230.00,2019-11-03 23:25:28.979655
1301,2019110301002767,AKJCL,11,56,10,52,520.00,2019-11-03 23:25:28.979655
1302,2019110301002768,LGIL,49,21,600,315,189000.00,2019-11-03 23:25:28.979655
1303,2019110301002769,CHL,58,18,10,79,790.00,2019-11-03 23:25:28.979655
1304,2019110301002770,SABSL,39,50,20,451,9020.00,2019-11-03 23:25:28.979655
1305,2019110301002771,SABSL,36,50,180,450,81000.00,2019-11-03 23:25:28.979655
1306,2019110301002772,RHPL,44,17,50,171,8550.00,2019-11-03 23:25:28.979655
1307,2019110301002773,NLIC,49,16,106,800,84800.00,2019-11-03 23:25:28.979655
1308,2019110301002774,NLIC,42,16,100,800,80000.00,2019-11-03 23:25:28.979655
1309,2019110301002775,NLIC,53,16,28,800,22400.00,2019-11-03 23:25:28.979655
1310,2019110301002776,NLIC,57,16,165,800,132000.00,2019-11-03 23:25:28.979655
1311,2019110301002777,NLIC,6,16,10,800,8000.00,2019-11-03 23:25:28.979655
1312,2019110301002778,NLIC,28,16,50,800,40000.00,2019-11-03 23:25:28.979655
1313,2019110301002779,NLIC,29,16,41,800,32800.00,2019-11-03 23:25:28.979655
1314,2019110301002780,AKJCL,11,56,10,52,520.00,2019-11-03 23:25:28.979655
1315,2019110301002781,PCBL,57,56,60,262,15720.00,2019-11-03 23:25:28.979655
1316,2019110301002782,AKJCL,11,56,10,52,520.00,2019-11-03 23:25:28.979655
1317,2019110301002783,JOSHI,29,18,20,62,1240.00,2019-11-03 23:25:28.979655
1318,2019110301002784,NLIC,29,51,17,800,13600.00,2019-11-03 23:25:28.979655
1319,2019110301002755,UPCL,52,28,50,75,3750.00,2019-11-03 23:25:28.979655
1320,2019110301002756,AKJCL,25,18,10,52,520.00,2019-11-03 23:25:28.979655
1321,2019110301002757,AKJCL,11,18,10,52,520.00,2019-11-03 23:25:28.979655
1322,2019110301002758,PPCL,42,28,10,94,940.00,2019-11-03 23:25:28.979655
1323,2019110301002759,BPCL,49,18,55,358,19690.00,2019-11-03 23:25:28.979655
1324,2019110301002760,NLICL,32,59,70,423,29610.00,2019-11-03 23:25:28.979655
1325,2019110301002761,NSEWA,14,38,10,381,3810.00,2019-11-03 23:25:28.979655
1326,2019110301002762,HBL,51,21,10,496,4960.00,2019-11-03 23:25:28.979655
1327,2019110301002744,SWBBL,28,38,100,900,90000.00,2019-11-03 23:25:28.979655
1328,2019110301002745,NUBL,29,53,40,880,35200.00,2019-11-03 23:25:28.979655
