S.N,Contract_No,Stock_Symbol,Buyer_Broker,Seller_Broker,Quantity,Rate,Amount,Date
1,2019110401004033,DBBL,56,7,23,124,2852.00,2019-11-04 15:42:21.599917
2,2019110401004034,DBBL,17,7,81,124,10044.00,2019-11-04 15:42:21.599917
3,2019110401004035,DBBL,7,7,1096,124,135904.00,2019-11-04 15:42:21.599917
4,2019110401004036,JFL,6,28,500,192,96000.00,2019-11-04 15:42:21.599917
5,2019110401004037,JFL,1,28,500,192,96000.00,2019-11-04 15:42:21.599917
6,2019110401004038,NLICL,22,42,10,427,4270.00,2019-11-04 15:42:21.599917
7,2019110401004039,LGIL,44,57,90,316,28440.00,2019-11-04 15:42:21.599917
8,2019110401004040,PIC,42,35,20,359,7180.00,2019-11-04 15:42:21.599917
9,2019110401004041,PIC,42,34,10,360,3600.00,2019-11-04 15:42:21.599917
10,2019110401004042,NIL,39,59,10,377,3770.00,2019-11-04 15:42:21.599917
11,2019110401004043,PPCL,45,35,30,96,2880.00,2019-11-04 15:42:21.599917
12,2019110401004044,NMBMF,50,18,10,493,4930.00,2019-11-04 15:42:21.599917
13,2019110401004045,NMBMF,1,18,50,492,24600.00,2019-11-04 15:42:21.599917
14,2019110401004046,NMBMF,41,18,100,491,49100.00,2019-11-04 15:42:21.599917
15,2019110401004047,NMBMF,37,18,20,490,9800.00,2019-11-04 15:42:21.599917
16,2019110401004048,CBL,43,38,448,142,63616.00,2019-11-04 15:42:21.599917
17,2019110401004049,NHPC,20,34,1435,53,76055.00,2019-11-04 15:42:21.599917
18,2019110401004050,NBB,21,42,33,207,6831.00,2019-11-04 15:42:21.599917
19,2019110401004051,MEGA,37,35,500,188,94000.00,2019-11-04 15:42:21.599917
20,2019110401004052,MEGA,29,35,30,188,5640.00,2019-11-04 15:42:21.599917
21,2019110401004053,MEGA,32,35,870,188,163560.00,2019-11-04 15:42:21.599917
22,2019110401004054,MEGA,20,11,100,189,18900.00,2019-11-04 15:42:21.599917
23,2019110401004055,CHCL,58,40,70,460,32200.00,2019-11-04 15:42:21.599917
24,2019110401004056,CHCL,58,40,30,460,13800.00,2019-11-04 15:42:21.599917
25,2019110401004057,SJCL,10,50,10,171,1710.00,2019-11-04 15:42:21.599917
26,2019110401004058,HBL,1,22,15,494,7410.00,2019-11-04 15:42:21.599917
27,2019110401004059,NBL,52,46,990,315,311850.00,2019-11-04 15:42:21.599917
28,2019110401004060,NBL,52,1,500,315,157500.00,2019-11-04 15:42:21.599917
29,2019110401004061,NBL,52,48,15,315,4725.00,2019-11-04 15:42:21.599917
30,2019110401004062,NBL,52,48,45,315,14175.00,2019-11-04 15:42:21.599917
31,2019110401004063,NBL,52,22,450,315,141750.00,2019-11-04 15:42:21.599917
32,2019110401004064,PIC,16,59,100,360,36000.00,2019-11-04 15:42:21.599917
33,2019110401004065,PIC,16,6,100,360,36000.00,2019-11-04 15:42:21.599917
34,2019110401004066,PIC,16,22,420,360,151200.00,2019-11-04 15:42:21.599917
35,2019110401004067,PIC,16,45,18,360,6480.00,2019-11-04 15:42:21.599917
36,2019110401004068,NICL,25,25,20,265,5300.00,2019-11-04 15:42:21.599917
37,2019110401004069,CBL,43,49,10,143,1430.00,2019-11-04 15:42:21.599917
38,2019110401004070,MPFL,34,52,50,101,5050.00,2019-11-04 15:42:21.599917
39,2019110401004071,ILBS,48,35,10,438,4380.00,2019-11-04 15:42:21.599917
40,2019110401004072,SANIMA,56,56,50,306,15300.00,2019-11-04 15:42:21.599917
41,2019110401004073,SANIMA,36,56,50,305,15250.00,2019-11-04 15:42:21.599917
42,2019110401004074,SANIMA,14,56,942,305,287310.00,2019-11-04 15:42:21.599917
43,2019110401004075,SANIMA,6,56,50,305,15250.00,2019-11-04 15:42:21.599917
44,2019110401004076,NMBMF,28,18,300,490,147000.00,2019-11-04 15:42:21.599917
45,2019110401004077,AHPC,43,19,300,95,28500.00,2019-11-04 15:42:21.599917
46,2019110401004078,AHPC,28,19,700,95,66500.00,2019-11-04 15:42:21.599917
47,2019110401004079,MEGA,34,11,500,189,94500.00,2019-11-04 15:42:21.599917
48,2019110401004080,ADBL,52,59,20,413,8260.00,2019-11-04 15:42:21.599917
49,2019110401004081,PRVU,34,44,100,268,26800.00,2019-11-04 15:42:21.599917
50,2019110401004082,NICGF,22,22,100,9.26,926.00,2019-11-04 15:42:21.599917
51,2019110401004083,ADBL,25,59,40,413,16520.00,2019-11-04 15:42:21.599917
52,2019110401004084,ADBL,25,34,140,413,57820.00,2019-11-04 15:42:21.599917
53,2019110401004085,ADBL,25,50,22,413,9086.00,2019-11-04 15:42:21.599917
54,2019110401004086,MSLB,16,25,14,852,11928.00,2019-11-04 15:42:21.599917
55,2019110401004087,CZBIL,25,28,50,191,9550.00,2019-11-04 15:42:21.599917
56,2019110401004088,SHPC,28,26,300,192,57600.00,2019-11-04 15:42:21.599917
57,2019110401004089,SHPC,51,26,300,192,57600.00,2019-11-04 15:42:21.599917
58,2019110401004090,NMFBS,33,47,30,1691,50730.00,2019-11-04 15:42:21.599917
59,2019110401004091,SHIVM,48,28,10,483,4830.00,2019-11-04 15:42:21.599917
60,2019110401004092,SLBSL,42,3,10,718,7180.00,2019-11-04 15:42:21.599917
61,2019110401004093,NCCB,33,39,10,201,2010.00,2019-11-04 15:42:21.599917
62,2019110401004094,JFL,35,28,30,193,5790.00,2019-11-04 15:42:21.599917
63,2019110401004095,NCCB,58,39,10,201,2010.00,2019-11-04 15:42:21.599917
64,2019110401004096,UPPER,25,52,20,236,4720.00,2019-11-04 15:42:21.599917
65,2019110401004097,BOKL,17,38,447,226,101022.00,2019-11-04 15:42:21.599917
66,2019110401004098,BOKL,17,34,553,226,124978.00,2019-11-04 15:42:21.599917
67,2019110401004000,NBB,35,32,1000,208,208000.00,2019-11-04 15:42:21.599917
68,2019110401004001,NIBPO,33,4,50,416,20800.00,2019-11-04 15:42:21.599917
69,2019110401004002,RSDC,26,11,13,323,4199.00,2019-11-04 15:42:21.599917
70,2019110401004003,SJCL,52,42,20,169,3380.00,2019-11-04 15:42:21.599917
71,2019110401004004,NBL,43,46,10,315,3150.00,2019-11-04 15:42:21.599917
72,2019110401004005,BPCL,33,28,91,364,33124.00,2019-11-04 15:42:21.599917
73,2019110401004006,BPCL,33,21,19,368,6992.00,2019-11-04 15:42:21.599917
74,2019110401004007,MERO,22,51,243,563,136809.00,2019-11-04 15:42:21.599917
75,2019110401004008,SHL,21,25,100,208,20800.00,2019-11-04 15:42:21.599917
76,2019110401004009,SHL,11,25,100,208,20800.00,2019-11-04 15:42:21.599917
77,2019110401004010,SIC,42,1,100,452,45200.00,2019-11-04 15:42:21.599917
78,2019110401004011,MEGA,43,35,10,190,1900.00,2019-11-04 15:42:21.599917
79,2019110401004012,SLBBL,33,6,100,559,55900.00,2019-11-04 15:42:21.599917
80,2019110401004013,MERO,22,58,100,564,56400.00,2019-11-04 15:42:21.599917
81,2019110401004014,MNBBL,47,44,300,316,94800.00,2019-11-04 15:42:21.599917
82,2019110401004015,MNBBL,33,44,198,316,62568.00,2019-11-04 15:42:21.599917
83,2019110401004016,HBL,5,22,50,494,24700.00,2019-11-04 15:42:21.599917
84,2019110401004017,NIB,59,59,181,442,80002.00,2019-11-04 15:42:21.599917
85,2019110401004018,SHL,32,25,300,208,62400.00,2019-11-04 15:42:21.599917
86,2019110401004019,HIDCL,35,39,10,139,1390.00,2019-11-04 15:42:21.599917
87,2019110401004020,SIC,32,1,19,451,8569.00,2019-11-04 15:42:21.599917
88,2019110401004021,ALICL,40,25,100,311,31100.00,2019-11-04 15:42:21.599917
89,2019110401004022,HIDCL,16,39,500,138,69000.00,2019-11-04 15:42:21.599917
90,2019110401004023,MERO,22,42,17,565,9605.00,2019-11-04 15:42:21.599917
91,2019110401004024,SANIMA,14,42,58,305,17690.00,2019-11-04 15:42:21.599917
92,2019110401004025,SANIMA,56,56,950,306,290700.00,2019-11-04 15:42:21.599917
93,2019110401004026,HIDCL,16,25,100,138,13800.00,2019-11-04 15:42:21.599917
94,2019110401004027,UPPER,52,46,30,234,7020.00,2019-11-04 15:42:21.599917
95,2019110401004028,UPPER,43,46,20,234,4680.00,2019-11-04 15:42:21.599917
96,2019110401004029,NICL,40,6,180,262,47160.00,2019-11-04 15:42:21.599917
97,2019110401004030,ILBS,55,22,120,442,53040.00,2019-11-04 15:42:21.599917
98,2019110401004031,CHCL,49,40,200,460,92000.00,2019-11-04 15:42:21.599917
99,2019110401004032,MSLB,16,25,36,852,30672.00,2019-11-04 15:42:21.599917
100,2019110401003944,NIBPO,7,6,99,412,40788.00,2019-11-04 15:42:21.599917
101,2019110401003945,LBL,35,17,20,220,4400.00,2019-11-04 15:42:21.599917
102,2019110401003946,HIDCL,16,43,100,138,13800.00,2019-11-04 15:42:21.599917
103,2019110401003947,NIBPO,56,6,165,412,67980.00,2019-11-04 15:42:21.599917
104,2019110401003948,NABIL,17,39,30,768,23040.00,2019-11-04 15:42:21.599917
105,2019110401003949,CHCL,42,40,100,460,46000.00,2019-11-04 15:42:21.599917
106,2019110401003950,SICL,51,38,21,733,15393.00,2019-11-04 15:42:21.599917
107,2019110401003951,SMATA,13,37,10,515,5150.00,2019-11-04 15:42:21.599917
108,2019110401003952,MEGA,34,11,48,189,9072.00,2019-11-04 15:42:21.599917
109,2019110401003953,MEGA,35,11,100,189,18900.00,2019-11-04 15:42:21.599917
110,2019110401003954,MEGA,29,11,1000,189,189000.00,2019-11-04 15:42:21.599917
111,2019110401003955,MEGA,28,11,2000,189,378000.00,2019-11-04 15:42:21.599917
112,2019110401003956,MEGA,54,11,200,189,37800.00,2019-11-04 15:42:21.599917
113,2019110401003957,MEGA,45,11,100,189,18900.00,2019-11-04 15:42:21.599917
114,2019110401003958,MEGA,42,11,100,189,18900.00,2019-11-04 15:42:21.599917
115,2019110401003959,MEGA,28,11,2000,189,378000.00,2019-11-04 15:42:21.599917
116,2019110401003960,MEGA,32,11,1000,189,189000.00,2019-11-04 15:42:21.599917
117,2019110401003961,NICA,45,45,100,400,40000.00,2019-11-04 15:42:21.599917
118,2019110401003962,CZBIL,47,11,10,190,1900.00,2019-11-04 15:42:21.599917
119,2019110401003963,NGPL,55,58,128,100,12800.00,2019-11-04 15:42:21.599917
120,2019110401003964,NGPL,55,50,382,100,38200.00,2019-11-04 15:42:21.599917
121,2019110401003965,GMFBS,33,10,10,468,4680.00,2019-11-04 15:42:21.599917
122,2019110401003966,LBL,34,17,40,220,8800.00,2019-11-04 15:42:21.599917
123,2019110401003967,IGI,40,42,10,287,2870.00,2019-11-04 15:42:21.599917
124,2019110401003968,IGI,46,42,50,286,14300.00,2019-11-04 15:42:21.599917
125,2019110401003969,IGI,21,42,20,286,5720.00,2019-11-04 15:42:21.599917
126,2019110401003970,IGI,49,42,820,285,233700.00,2019-11-04 15:42:21.599917
127,2019110401003971,FOWAD,42,45,19,1290,24510.00,2019-11-04 15:42:21.599917
128,2019110401003972,PCBL,13,53,129,262,33798.00,2019-11-04 15:42:21.599917
129,2019110401003973,PCBL,36,53,500,262,131000.00,2019-11-04 15:42:21.599917
130,2019110401003974,PCBL,41,53,10,262,2620.00,2019-11-04 15:42:21.599917
131,2019110401003975,PCBL,34,53,100,262,26200.00,2019-11-04 15:42:21.599917
132,2019110401003976,PCBL,22,53,54,261,14094.00,2019-11-04 15:42:21.599917
133,2019110401003977,PCBL,13,53,500,261,130500.00,2019-11-04 15:42:21.599917
134,2019110401003978,PCBL,39,53,1019,261,265959.00,2019-11-04 15:42:21.599917
135,2019110401003979,PCBL,38,53,200,261,52200.00,2019-11-04 15:42:21.599917
136,2019110401003980,PCBL,22,53,100,261,26100.00,2019-11-04 15:42:21.599917
137,2019110401003981,PCBL,52,53,1000,261,261000.00,2019-11-04 15:42:21.599917
138,2019110401003982,PCBL,11,53,200,261,52200.00,2019-11-04 15:42:21.599917
139,2019110401003983,PCBL,1,53,188,261,49068.00,2019-11-04 15:42:21.599917
140,2019110401003984,BPCL,10,28,139,365,50735.00,2019-11-04 15:42:21.599917
141,2019110401003985,BPCL,25,28,140,365,51100.00,2019-11-04 15:42:21.599917
142,2019110401003986,BPCL,50,28,30,364,10920.00,2019-11-04 15:42:21.599917
143,2019110401003987,BPCL,42,28,100,364,36400.00,2019-11-04 15:42:21.599917
144,2019110401003988,MERO,22,35,500,562,281000.00,2019-11-04 15:42:21.599917
145,2019110401003989,AKPL,25,38,20,129,2580.00,2019-11-04 15:42:21.599917
146,2019110401003990,AKPL,52,38,93,129,11997.00,2019-11-04 15:42:21.599917
147,2019110401003991,LLBS,36,34,24,658,15792.00,2019-11-04 15:42:21.599917
148,2019110401003992,RHPL,58,42,40,172,6880.00,2019-11-04 15:42:21.599917
149,2019110401003993,NMBMF,48,18,65,493,32045.00,2019-11-04 15:42:21.599917
150,2019110401003994,UPPER,46,52,50,236,11800.00,2019-11-04 15:42:21.599917
151,2019110401003995,AKJCL,52,26,10,53,530.00,2019-11-04 15:42:21.599917
152,2019110401003996,AKJCL,52,34,10,53,530.00,2019-11-04 15:42:21.599917
153,2019110401003997,AKJCL,52,53,20,55,1100.00,2019-11-04 15:42:21.599917
154,2019110401003998,AKJCL,52,22,10,55,550.00,2019-11-04 15:42:21.599917
155,2019110401003999,SDESI,56,19,10,626,6260.00,2019-11-04 15:42:21.599917
156,2019110401003908,CHCL,58,40,80,460,36800.00,2019-11-04 15:42:21.599917
157,2019110401003909,MLBBL,45,50,10,422,4220.00,2019-11-04 15:42:21.599917
158,2019110401003910,NMBMF,48,37,15,504,7560.00,2019-11-04 15:42:21.599917
159,2019110401003911,NMBMF,39,37,50,503,25150.00,2019-11-04 15:42:21.599917
160,2019110401003912,NMBMF,7,37,20,502,10040.00,2019-11-04 15:42:21.599917
161,2019110401003913,NMBMF,57,37,40,500,20000.00,2019-11-04 15:42:21.599917
162,2019110401003914,NBL,58,22,490,314,153860.00,2019-11-04 15:42:21.599917
163,2019110401003915,NLICL,13,6,203,421,85463.00,2019-11-04 15:42:21.599917
164,2019110401003916,SRBL,49,58,25,209,5225.00,2019-11-04 15:42:21.599917
165,2019110401003917,HIDCL,16,16,44,138,6072.00,2019-11-04 15:42:21.599917
166,2019110401003918,MEGA,49,57,500,190,95000.00,2019-11-04 15:42:21.599917
167,2019110401003919,LBL,49,17,87,220,19140.00,2019-11-04 15:42:21.599917
168,2019110401003920,LBL,17,17,150,220,33000.00,2019-11-04 15:42:21.599917
169,2019110401003921,SRBL,25,58,433,209,90497.00,2019-11-04 15:42:21.599917
170,2019110401003922,NABIL,57,39,15,768,11520.00,2019-11-04 15:42:21.599917
171,2019110401003923,SFFIL,14,28,30,191,5730.00,2019-11-04 15:42:21.599917
172,2019110401003924,SFFIL,44,28,450,190,85500.00,2019-11-04 15:42:21.599917
173,2019110401003925,NMBMF,56,18,15,499,7485.00,2019-11-04 15:42:21.599917
174,2019110401003926,NMBMF,14,18,20,496,9920.00,2019-11-04 15:42:21.599917
175,2019110401003927,NMBMF,38,18,50,495,24750.00,2019-11-04 15:42:21.599917
176,2019110401003928,NMBMF,39,18,50,495,24750.00,2019-11-04 15:42:21.599917
177,2019110401003929,NMBMF,52,18,200,494,98800.00,2019-11-04 15:42:21.599917
178,2019110401003930,NMBMF,17,18,100,493,49300.00,2019-11-04 15:42:21.599917
179,2019110401003931,SBL,46,42,185,291,53835.00,2019-11-04 15:42:21.599917
180,2019110401003932,SBL,6,42,100,291,29100.00,2019-11-04 15:42:21.599917
181,2019110401003933,SBL,32,42,115,291,33465.00,2019-11-04 15:42:21.599917
182,2019110401003934,MDB,58,52,14,242,3388.00,2019-11-04 15:42:21.599917
183,2019110401003935,CHCL,45,8,100,459,45900.00,2019-11-04 15:42:21.599917
184,2019110401003936,CHCL,33,8,13,458,5954.00,2019-11-04 15:42:21.599917
185,2019110401003937,CHCL,51,8,50,457,22850.00,2019-11-04 15:42:21.599917
186,2019110401003938,CHCL,1,8,200,457,91400.00,2019-11-04 15:42:21.599917
187,2019110401003939,CHCL,5,8,50,457,22850.00,2019-11-04 15:42:21.599917
188,2019110401003940,CHCL,22,8,587,456,267672.00,2019-11-04 15:42:21.599917
189,2019110401003941,MERO,50,11,10,561,5610.00,2019-11-04 15:42:21.599917
190,2019110401003942,RHPC,52,20,200,77,15400.00,2019-11-04 15:42:21.599917
191,2019110401003943,NBL,58,13,300,314,94200.00,2019-11-04 15:42:21.599917
192,2019110401003880,UPPER,25,56,50,235,11750.00,2019-11-04 15:42:21.599917
193,2019110401003881,UPPER,25,45,50,235,11750.00,2019-11-04 15:42:21.599917
194,2019110401003882,UPPER,25,52,20,236,4720.00,2019-11-04 15:42:21.599917
195,2019110401003883,NIB,41,59,61,442,26962.00,2019-11-04 15:42:21.599917
196,2019110401003884,NIB,59,59,30,442,13260.00,2019-11-04 15:42:21.599917
197,2019110401003885,NCCB,33,37,1388,200,277600.00,2019-11-04 15:42:21.599917
198,2019110401003886,NCCB,1,37,77,200,15400.00,2019-11-04 15:42:21.599917
199,2019110401003887,CBL,43,6,113,142,16046.00,2019-11-04 15:42:21.599917
200,2019110401003888,CZBIL,32,14,83,190,15770.00,2019-11-04 15:42:21.599917
201,2019110401003889,CZBIL,32,14,100,190,19000.00,2019-11-04 15:42:21.599917
202,2019110401003890,CZBIL,47,14,117,190,22230.00,2019-11-04 15:42:21.599917
203,2019110401003891,NICA,46,48,30,399,11970.00,2019-11-04 15:42:21.599917
204,2019110401003892,RMDC,22,53,87,617,53679.00,2019-11-04 15:42:21.599917
205,2019110401003893,SRBL,43,39,100,208,20800.00,2019-11-04 15:42:21.599917
206,2019110401003894,SRBL,39,39,720,208,149760.00,2019-11-04 15:42:21.599917
207,2019110401003895,CHCL,45,16,50,460,23000.00,2019-11-04 15:42:21.599917
208,2019110401003896,SANIMA,55,18,200,305,61000.00,2019-11-04 15:42:21.599917
209,2019110401003897,LGIL,53,54,200,317,63400.00,2019-11-04 15:42:21.599917
210,2019110401003898,HIDCL,16,47,190,138,26220.00,2019-11-04 15:42:21.599917
211,2019110401003899,HIDCL,16,35,50,138,6900.00,2019-11-04 15:42:21.599917
212,2019110401003900,NLIC,17,42,24,799,19176.00,2019-11-04 15:42:21.599917
213,2019110401003901,NLIC,17,19,28,800,22400.00,2019-11-04 15:42:21.599917
214,2019110401003902,NLIC,17,49,349,800,279200.00,2019-11-04 15:42:21.599917
215,2019110401003903,GGBSL,4,6,10,329,3290.00,2019-11-04 15:42:21.599917
216,2019110401003904,GLICL,25,17,10,354,3540.00,2019-11-04 15:42:21.599917
217,2019110401003905,ADBL,25,40,88,412,36256.00,2019-11-04 15:42:21.599917
218,2019110401003906,CHCL,58,16,20,460,9200.00,2019-11-04 15:42:21.599917
219,2019110401003907,GUFL,38,6,47,110,5170.00,2019-11-04 15:42:21.599917
220,2019110401003853,NIL,49,38,29,375,10875.00,2019-11-04 15:42:21.599917
221,2019110401003854,NIL,49,38,871,375,326625.00,2019-11-04 15:42:21.599917
222,2019110401003855,MNBBL,33,44,302,316,95432.00,2019-11-04 15:42:21.599917
223,2019110401003856,NIL,49,38,900,375,337500.00,2019-11-04 15:42:21.599917
224,2019110401003857,NBL,58,22,100,314,31400.00,2019-11-04 15:42:21.599917
225,2019110401003858,UNHPL,57,19,100,55,5500.00,2019-11-04 15:42:21.599917
226,2019110401003859,UNHPL,57,19,200,55,11000.00,2019-11-04 15:42:21.599917
227,2019110401003860,NABIL,40,39,20,766,15320.00,2019-11-04 15:42:21.599917
228,2019110401003861,SLBSL,42,39,20,718,14360.00,2019-11-04 15:42:21.599917
229,2019110401003862,HIDCL,25,47,300,138,41400.00,2019-11-04 15:42:21.599917
230,2019110401003863,NLIC,25,57,10,800,8000.00,2019-11-04 15:42:21.599917
231,2019110401003864,KBL,17,10,1000,182,182000.00,2019-11-04 15:42:21.599917
232,2019110401003865,API,49,6,16,108,1728.00,2019-11-04 15:42:21.599917
233,2019110401003866,API,45,6,50,108,5400.00,2019-11-04 15:42:21.599917
234,2019110401003867,API,49,6,34,108,3672.00,2019-11-04 15:42:21.599917
235,2019110401003868,HDL,35,39,93,1480,137640.00,2019-11-04 15:42:21.599917
236,2019110401003869,SJCL,52,45,20,169,3380.00,2019-11-04 15:42:21.599917
237,2019110401003870,HBL,14,19,114,493,56202.00,2019-11-04 15:42:21.599917
238,2019110401003871,PRVU,54,44,50,268,13400.00,2019-11-04 15:42:21.599917
239,2019110401003872,NICA,53,28,150,399,59850.00,2019-11-04 15:42:21.599917
240,2019110401003873,NICA,46,28,150,399,59850.00,2019-11-04 15:42:21.599917
241,2019110401003874,API,25,6,50,109,5450.00,2019-11-04 15:42:21.599917
242,2019110401003875,CHCL,17,16,30,460,13800.00,2019-11-04 15:42:21.599917
243,2019110401003876,BOKL,17,6,14,225,3150.00,2019-11-04 15:42:21.599917
244,2019110401003877,BOKL,49,6,100,225,22500.00,2019-11-04 15:42:21.599917
245,2019110401003878,BOKL,51,6,140,225,31500.00,2019-11-04 15:42:21.599917
246,2019110401003879,BOKL,17,6,329,225,74025.00,2019-11-04 15:42:21.599917
247,2019110401003821,NABIL,41,39,100,768,76800.00,2019-11-04 15:42:21.599917
248,2019110401003822,NABIL,25,58,95,766,72770.00,2019-11-04 15:42:21.599917
249,2019110401003823,NABIL,45,58,909,765,695385.00,2019-11-04 15:42:21.599917
250,2019110401003824,NABIL,35,58,300,765,229500.00,2019-11-04 15:42:21.599917
251,2019110401003825,NABIL,35,58,200,765,153000.00,2019-11-04 15:42:21.599917
252,2019110401003826,NABIL,55,58,500,765,382500.00,2019-11-04 15:42:21.599917
253,2019110401003827,NABIL,33,58,20,765,15300.00,2019-11-04 15:42:21.599917
254,2019110401003828,NABIL,43,58,300,765,229500.00,2019-11-04 15:42:21.599917
255,2019110401003829,NABIL,46,58,676,765,517140.00,2019-11-04 15:42:21.599917
256,2019110401003830,NLBBL,25,50,10,510,5100.00,2019-11-04 15:42:21.599917
257,2019110401003831,NLBBL,25,50,40,510,20400.00,2019-11-04 15:42:21.599917
258,2019110401003832,SABSL,36,6,10,454,4540.00,2019-11-04 15:42:21.599917
259,2019110401003833,FMDBL,25,51,12,310,3720.00,2019-11-04 15:42:21.599917
260,2019110401003834,HPPL,18,45,10,141,1410.00,2019-11-04 15:42:21.599917
261,2019110401003835,SJCL,52,6,10,169,1690.00,2019-11-04 15:42:21.599917
262,2019110401003836,RHPL,18,35,40,174,6960.00,2019-11-04 15:42:21.599917
263,2019110401003837,SLBSL,42,3,10,718,7180.00,2019-11-04 15:42:21.599917
264,2019110401003838,ILBS,36,22,40,442,17680.00,2019-11-04 15:42:21.599917
265,2019110401003839,NLBBL,25,55,10,520,5200.00,2019-11-04 15:42:21.599917
266,2019110401003840,NMFBS,33,45,15,1691,25365.00,2019-11-04 15:42:21.599917
267,2019110401003841,SPARS,39,6,10,523,5230.00,2019-11-04 15:42:21.599917
268,2019110401003842,NIB,14,46,13,443,5759.00,2019-11-04 15:42:21.599917
269,2019110401003843,ADBL,14,59,20,413,8260.00,2019-11-04 15:42:21.599917
270,2019110401003844,PRVU,45,26,195,267,52065.00,2019-11-04 15:42:21.599917
271,2019110401003845,PRVU,35,26,205,267,54735.00,2019-11-04 15:42:21.599917
272,2019110401003846,PRVU,25,44,1000,268,268000.00,2019-11-04 15:42:21.599917
273,2019110401003847,SRBL,50,58,1152,209,240768.00,2019-11-04 15:42:21.599917
274,2019110401003848,SLBSL,42,3,10,718,7180.00,2019-11-04 15:42:21.599917
275,2019110401003849,PIC,39,40,17,355,6035.00,2019-11-04 15:42:21.599917
276,2019110401003850,PIC,39,40,23,355,8165.00,2019-11-04 15:42:21.599917
277,2019110401003851,NBL,19,22,200,314,62800.00,2019-11-04 15:42:21.599917
278,2019110401003852,NSEWA,42,45,10,374,3740.00,2019-11-04 15:42:21.599917
279,2019110401003781,RHPL,58,51,20,172,3440.00,2019-11-04 15:42:21.599917
280,2019110401003782,NICL,19,6,25,263,6575.00,2019-11-04 15:42:21.599917
281,2019110401003783,NICL,53,6,10,262,2620.00,2019-11-04 15:42:21.599917
282,2019110401003784,ADBL,25,47,158,412,65096.00,2019-11-04 15:42:21.599917
283,2019110401003785,CCBL,45,25,188,158,29704.00,2019-11-04 15:42:21.599917
284,2019110401003786,CCBL,45,58,812,158,128296.00,2019-11-04 15:42:21.599917
285,2019110401003787,SLICL,13,42,37,260,9620.00,2019-11-04 15:42:21.599917
286,2019110401003788,NABIL,41,39,100,768,76800.00,2019-11-04 15:42:21.599917
287,2019110401003789,SHINE,47,6,105,253,26565.00,2019-11-04 15:42:21.599917
288,2019110401003790,PLIC,37,57,100,309,30900.00,2019-11-04 15:42:21.599917
289,2019110401003791,PLIC,49,57,600,308,184800.00,2019-11-04 15:42:21.599917
290,2019110401003792,GBLBS,50,51,40,309,12360.00,2019-11-04 15:42:21.599917
291,2019110401003793,GBLBS,19,51,10,309,3090.00,2019-11-04 15:42:21.599917
292,2019110401003794,GBLBS,57,51,15,309,4635.00,2019-11-04 15:42:21.599917
293,2019110401003795,ADBL,25,45,52,412,21424.00,2019-11-04 15:42:21.599917
294,2019110401003796,SJCL,52,51,10,169,1690.00,2019-11-04 15:42:21.599917
295,2019110401003797,NICL,37,6,100,260,26000.00,2019-11-04 15:42:21.599917
296,2019110401003798,NICL,32,6,30,260,7800.00,2019-11-04 15:42:21.599917
297,2019110401003799,FMDBL,59,58,200,308,61600.00,2019-11-04 15:42:21.599917
298,2019110401003800,SHIVM,34,57,395,481,189995.00,2019-11-04 15:42:21.599917
299,2019110401003801,SHIVM,49,57,100,481,48100.00,2019-11-04 15:42:21.599917
300,2019110401003802,ALBSL,51,45,10,386,3860.00,2019-11-04 15:42:21.599917
301,2019110401003803,NIBPO,19,4,200,412,82400.00,2019-11-04 15:42:21.599917
302,2019110401003804,NIBPO,7,4,800,412,329600.00,2019-11-04 15:42:21.599917
303,2019110401003805,CZBIL,6,28,650,191,124150.00,2019-11-04 15:42:21.599917
304,2019110401003806,CZBIL,6,28,1350,191,257850.00,2019-11-04 15:42:21.599917
305,2019110401003807,SLICL,13,42,37,260,9620.00,2019-11-04 15:42:21.599917
306,2019110401003808,GMFBS,10,38,10,459,4590.00,2019-11-04 15:42:21.599917
307,2019110401003809,GMFBS,10,38,10,459,4590.00,2019-11-04 15:42:21.599917
308,2019110401003810,GMFBS,10,35,10,459,4590.00,2019-11-04 15:42:21.599917
309,2019110401003811,NLBBL,25,41,100,500,50000.00,2019-11-04 15:42:21.599917
310,2019110401003812,NLBBL,25,50,36,500,18000.00,2019-11-04 15:42:21.599917
311,2019110401003813,NLBBL,25,7,100,504,50400.00,2019-11-04 15:42:21.599917
312,2019110401003814,NABIL,25,10,125,766,95750.00,2019-11-04 15:42:21.599917
313,2019110401003815,HDL,35,49,10,1470,14700.00,2019-11-04 15:42:21.599917
314,2019110401003816,HDL,35,40,15,1475,22125.00,2019-11-04 15:42:21.599917
315,2019110401003817,HDL,35,13,100,1478,147800.00,2019-11-04 15:42:21.599917
316,2019110401003818,HDL,35,34,30,1480,44400.00,2019-11-04 15:42:21.599917
317,2019110401003819,HDL,35,5,100,1480,148000.00,2019-11-04 15:42:21.599917
318,2019110401003820,GBBL,35,14,50,224,11200.00,2019-11-04 15:42:21.599917
319,2019110401003751,PPCL,18,41,200,97,19400.00,2019-11-04 15:42:21.599917
320,2019110401003752,SHIVM,51,37,25,482,12050.00,2019-11-04 15:42:21.599917
321,2019110401003753,SHIVM,51,37,100,482,48200.00,2019-11-04 15:42:21.599917
322,2019110401003754,SHIVM,47,37,110,481,52910.00,2019-11-04 15:42:21.599917
323,2019110401003755,SHIVM,47,37,250,481,120250.00,2019-11-04 15:42:21.599917
324,2019110401003756,SHIVM,47,37,200,481,96200.00,2019-11-04 15:42:21.599917
325,2019110401003757,SHIVM,14,37,100,481,48100.00,2019-11-04 15:42:21.599917
326,2019110401003758,SHIVM,34,37,105,481,50505.00,2019-11-04 15:42:21.599917
327,2019110401003759,PRVU,13,14,150,269,40350.00,2019-11-04 15:42:21.599917
328,2019110401003760,NABIL,25,39,50,766,38300.00,2019-11-04 15:42:21.599917
329,2019110401003761,NABIL,25,39,180,766,137880.00,2019-11-04 15:42:21.599917
330,2019110401003762,MEGA,34,22,100,189,18900.00,2019-11-04 15:42:21.599917
331,2019110401003763,SHIVM,14,28,200,483,96600.00,2019-11-04 15:42:21.599917
332,2019110401003764,MERO,29,35,60,562,33720.00,2019-11-04 15:42:21.599917
333,2019110401003765,SMB,39,3,90,402,36180.00,2019-11-04 15:42:21.599917
334,2019110401003766,CBL,43,58,700,142,99400.00,2019-11-04 15:42:21.599917
335,2019110401003767,DBBL,56,7,350,124,43400.00,2019-11-04 15:42:21.599917
336,2019110401003768,NBL,58,13,300,314,94200.00,2019-11-04 15:42:21.599917
337,2019110401003769,NBL,58,22,700,314,219800.00,2019-11-04 15:42:21.599917
338,2019110401003770,PRVU,18,14,50,269,13450.00,2019-11-04 15:42:21.599917
339,2019110401003771,HIDCL,14,50,490,138,67620.00,2019-11-04 15:42:21.599917
340,2019110401003772,HIDCL,14,47,10,138,1380.00,2019-11-04 15:42:21.599917
341,2019110401003773,ALBSL,56,37,150,388,58200.00,2019-11-04 15:42:21.599917
342,2019110401003774,SMFBS,18,6,10,795,7950.00,2019-11-04 15:42:21.599917
343,2019110401003775,SMB,55,3,10,401,4010.00,2019-11-04 15:42:21.599917
344,2019110401003776,NUBL,16,6,60,875,52500.00,2019-11-04 15:42:21.599917
345,2019110401003777,PRVU,34,44,325,268,87100.00,2019-11-04 15:42:21.599917
346,2019110401003778,PRVU,13,44,500,268,134000.00,2019-11-04 15:42:21.599917
347,2019110401003779,NCCB,1,39,10,201,2010.00,2019-11-04 15:42:21.599917
348,2019110401003780,SFFIL,44,21,20,190,3800.00,2019-11-04 15:42:21.599917
349,2019110401003711,MERO,29,32,40,562,22480.00,2019-11-04 15:42:21.599917
350,2019110401003712,DBBL,20,7,50,124,6200.00,2019-11-04 15:42:21.599917
351,2019110401003713,DBBL,49,7,200,124,24800.00,2019-11-04 15:42:21.599917
352,2019110401003714,DBBL,32,7,123,124,15252.00,2019-11-04 15:42:21.599917
353,2019110401003715,DBBL,56,7,127,124,15748.00,2019-11-04 15:42:21.599917
354,2019110401003716,NIB,19,49,28,443,12404.00,2019-11-04 15:42:21.599917
355,2019110401003717,NIB,3,49,100,443,44300.00,2019-11-04 15:42:21.599917
356,2019110401003718,NIB,41,49,42,442,18564.00,2019-11-04 15:42:21.599917
357,2019110401003719,NIL,49,37,150,375,56250.00,2019-11-04 15:42:21.599917
358,2019110401003720,AKBSL,48,37,10,408,4080.00,2019-11-04 15:42:21.599917
359,2019110401003721,NLG,13,39,200,546,109200.00,2019-11-04 15:42:21.599917
360,2019110401003722,NLG,42,39,500,546,273000.00,2019-11-04 15:42:21.599917
361,2019110401003723,NLG,42,39,500,546,273000.00,2019-11-04 15:42:21.599917
362,2019110401003724,NLG,45,39,10,546,5460.00,2019-11-04 15:42:21.599917
363,2019110401003725,SWBBL,57,57,144,911,131184.00,2019-11-04 15:42:21.599917
364,2019110401003726,SWBBL,33,57,50,910,45500.00,2019-11-04 15:42:21.599917
365,2019110401003727,SWBBL,49,57,99,910,90090.00,2019-11-04 15:42:21.599917
366,2019110401003728,PCBL,13,49,200,262,52400.00,2019-11-04 15:42:21.599917
367,2019110401003729,SCB,19,42,250,558,139500.00,2019-11-04 15:42:21.599917
368,2019110401003730,SCB,19,33,20,558,11160.00,2019-11-04 15:42:21.599917
369,2019110401003731,API,25,6,60,109,6540.00,2019-11-04 15:42:21.599917
370,2019110401003732,FOWAD,44,56,20,1282,25640.00,2019-11-04 15:42:21.599917
371,2019110401003733,FOWAD,44,11,49,1283,62867.00,2019-11-04 15:42:21.599917
372,2019110401003734,FOWAD,44,49,17,1284,21828.00,2019-11-04 15:42:21.599917
373,2019110401003735,FOWAD,44,55,100,1285,128500.00,2019-11-04 15:42:21.599917
374,2019110401003736,FOWAD,44,34,20,1289,25780.00,2019-11-04 15:42:21.599917
375,2019110401003737,FOWAD,44,22,200,1290,258000.00,2019-11-04 15:42:21.599917
376,2019110401003738,HIDCL,35,50,10,138,1380.00,2019-11-04 15:42:21.599917
377,2019110401003739,NIL,49,37,165,375,61875.00,2019-11-04 15:42:21.599917
378,2019110401003740,AKBSL,48,56,10,408,4080.00,2019-11-04 15:42:21.599917
379,2019110401003741,LBL,28,17,812,220,178640.00,2019-11-04 15:42:21.599917
380,2019110401003742,LBL,42,17,500,220,110000.00,2019-11-04 15:42:21.599917
381,2019110401003743,LBL,45,17,225,220,49500.00,2019-11-04 15:42:21.599917
382,2019110401003744,LBL,51,17,50,220,11000.00,2019-11-04 15:42:21.599917
383,2019110401003745,LBL,1,17,500,220,110000.00,2019-11-04 15:42:21.599917
384,2019110401003746,LBL,49,17,413,220,90860.00,2019-11-04 15:42:21.599917
385,2019110401003747,CCBL,41,58,50,158,7900.00,2019-11-04 15:42:21.599917
386,2019110401003748,NLG,25,39,10,550,5500.00,2019-11-04 15:42:21.599917
387,2019110401003749,EBL,58,58,10,557,5570.00,2019-11-04 15:42:21.599917
388,2019110401003750,CZBIL,41,28,50,191,9550.00,2019-11-04 15:42:21.599917
389,2019110401003683,SJCL,52,37,100,169,16900.00,2019-11-04 15:42:21.599917
390,2019110401003684,SABSL,36,35,10,454,4540.00,2019-11-04 15:42:21.599917
391,2019110401003685,ALBSL,56,25,40,388,15520.00,2019-11-04 15:42:21.599917
392,2019110401003686,SJCL,28,41,20,170,3400.00,2019-11-04 15:42:21.599917
393,2019110401003687,SJCL,28,41,20,170,3400.00,2019-11-04 15:42:21.599917
394,2019110401003688,SJCL,28,41,20,170,3400.00,2019-11-04 15:42:21.599917
395,2019110401003689,SJCL,28,41,10,170,1700.00,2019-11-04 15:42:21.599917
396,2019110401003690,SJCL,28,59,700,170,119000.00,2019-11-04 15:42:21.599917
397,2019110401003691,SJCL,28,6,10,170,1700.00,2019-11-04 15:42:21.599917
398,2019110401003692,UPPER,59,56,100,235,23500.00,2019-11-04 15:42:21.599917
399,2019110401003693,GLICL,17,4,150,352,52800.00,2019-11-04 15:42:21.599917
400,2019110401003694,MERO,42,32,100,562,56200.00,2019-11-04 15:42:21.599917
401,2019110401003695,MERO,19,32,60,562,33720.00,2019-11-04 15:42:21.599917
402,2019110401003696,BPCL,10,25,11,365,4015.00,2019-11-04 15:42:21.599917
403,2019110401003697,JOSHI,34,53,10,59,590.00,2019-11-04 15:42:21.599917
404,2019110401003698,SKBBL,22,37,10,930,9300.00,2019-11-04 15:42:21.599917
405,2019110401003699,SBI,5,57,50,406,20300.00,2019-11-04 15:42:21.599917
406,2019110401003700,SJCL,52,6,10,169,1690.00,2019-11-04 15:42:21.599917
407,2019110401003701,PRIN,49,45,73,310,22630.00,2019-11-04 15:42:21.599917
408,2019110401003702,PRIN,49,25,300,310,93000.00,2019-11-04 15:42:21.599917
409,2019110401003703,CBL,43,36,173,142,24566.00,2019-11-04 15:42:21.599917
410,2019110401003704,HIDCL,45,52,500,137,68500.00,2019-11-04 15:42:21.599917
411,2019110401003705,SHIVM,51,26,75,482,36150.00,2019-11-04 15:42:21.599917
412,2019110401003706,LBL,38,36,362,220,79640.00,2019-11-04 15:42:21.599917
413,2019110401003707,LBL,38,36,500,220,110000.00,2019-11-04 15:42:21.599917
414,2019110401003708,LBL,35,36,50,220,11000.00,2019-11-04 15:42:21.599917
415,2019110401003709,LBL,28,36,2188,220,481360.00,2019-11-04 15:42:21.599917
416,2019110401003710,SBI,19,57,604,405,244620.00,2019-11-04 15:42:21.599917
417,2019110401003665,NCCB,33,50,238,200,47600.00,2019-11-04 15:42:21.599917
418,2019110401003666,BPCL,10,13,50,365,18250.00,2019-11-04 15:42:21.599917
419,2019110401003667,UPPER,57,52,40,236,9440.00,2019-11-04 15:42:21.599917
420,2019110401003668,BOKL,13,48,11,226,2486.00,2019-11-04 15:42:21.599917
421,2019110401003669,BOKL,13,38,489,226,110514.00,2019-11-04 15:42:21.599917
422,2019110401003670,MBL,14,47,184,228,41952.00,2019-11-04 15:42:21.599917
423,2019110401003671,MNBBL,14,44,160,316,50560.00,2019-11-04 15:42:21.599917
424,2019110401003672,PRVU,57,46,25,268,6700.00,2019-11-04 15:42:21.599917
425,2019110401003673,PRVU,34,46,175,268,46900.00,2019-11-04 15:42:21.599917
426,2019110401003674,GLBSL,42,37,10,418,4180.00,2019-11-04 15:42:21.599917
427,2019110401003675,EBL,41,6,10,553,5530.00,2019-11-04 15:42:21.599917
428,2019110401003676,EBL,56,6,11,553,6083.00,2019-11-04 15:42:21.599917
429,2019110401003677,CBBL,44,4,50,968,48400.00,2019-11-04 15:42:21.599917
430,2019110401003678,JOSHI,34,53,20,59,1180.00,2019-11-04 15:42:21.599917
431,2019110401003679,RHPL,58,37,100,172,17200.00,2019-11-04 15:42:21.599917
432,2019110401003680,LGIL,5,54,13,318,4134.00,2019-11-04 15:42:21.599917
433,2019110401003681,SLBBL,26,52,50,557,27850.00,2019-11-04 15:42:21.599917
434,2019110401003682,SBL,43,57,300,292,87600.00,2019-11-04 15:42:21.599917
435,2019110401003637,SAPDBL,44,46,20,121,2420.00,2019-11-04 15:42:21.599917
436,2019110401003638,CHCL,54,11,150,460,69000.00,2019-11-04 15:42:21.599917
437,2019110401003639,SIC,32,19,119,455,54145.00,2019-11-04 15:42:21.599917
438,2019110401003640,SIC,32,1,31,455,14105.00,2019-11-04 15:42:21.599917
439,2019110401003641,NIL,49,37,500,375,187500.00,2019-11-04 15:42:21.599917
440,2019110401003642,SANIMA,57,56,50,306,15300.00,2019-11-04 15:42:21.599917
441,2019110401003643,ALBSL,29,6,20,387,7740.00,2019-11-04 15:42:21.599917
442,2019110401003644,UPPER,52,34,50,234,11700.00,2019-11-04 15:42:21.599917
443,2019110401003645,NABIL,14,39,427,767,327509.00,2019-11-04 15:42:21.599917
444,2019110401003646,NLBBL,25,46,11,497,5467.00,2019-11-04 15:42:21.599917
445,2019110401003647,NLBBL,25,33,10,499,4990.00,2019-11-04 15:42:21.599917
446,2019110401003648,NLBBL,25,50,14,500,7000.00,2019-11-04 15:42:21.599917
447,2019110401003649,CHCL,32,16,200,460,92000.00,2019-11-04 15:42:21.599917
448,2019110401003650,SANIMA,14,56,100,305,30500.00,2019-11-04 15:42:21.599917
449,2019110401003651,SANIMA,35,56,1000,305,305000.00,2019-11-04 15:42:21.599917
450,2019110401003652,SJCL,52,35,20,169,3380.00,2019-11-04 15:42:21.599917
451,2019110401003653,CFCL,42,46,100,110,11000.00,2019-11-04 15:42:21.599917
452,2019110401003654,SLBSL,19,38,10,721,7210.00,2019-11-04 15:42:21.599917
453,2019110401003655,SLBSL,32,38,35,720,25200.00,2019-11-04 15:42:21.599917
454,2019110401003656,SLBSL,25,38,100,720,72000.00,2019-11-04 15:42:21.599917
455,2019110401003657,SRBL,50,57,135,208,28080.00,2019-11-04 15:42:21.599917
456,2019110401003658,MEGA,34,43,103,189,19467.00,2019-11-04 15:42:21.599917
457,2019110401003659,KSBBL,10,50,220,145,31900.00,2019-11-04 15:42:21.599917
458,2019110401003660,SAPDBL,44,21,900,121,108900.00,2019-11-04 15:42:21.599917
459,2019110401003661,PMHPL,49,43,10,85,850.00,2019-11-04 15:42:21.599917
460,2019110401003662,ILBS,56,43,140,441,61740.00,2019-11-04 15:42:21.599917
461,2019110401003663,ILBS,56,22,60,442,26520.00,2019-11-04 15:42:21.599917
462,2019110401003664,GLICL,25,4,20,352,7040.00,2019-11-04 15:42:21.599917
463,2019110401003619,NCCB,57,39,173,201,34773.00,2019-11-04 15:42:21.599917
464,2019110401003620,GBBL,42,28,68,225,15300.00,2019-11-04 15:42:21.599917
465,2019110401003621,MHNL,11,48,15,77,1155.00,2019-11-04 15:42:21.599917
466,2019110401003622,KSBBL,33,54,17,144,2448.00,2019-11-04 15:42:21.599917
467,2019110401003623,KSBBL,33,1,100,144,14400.00,2019-11-04 15:42:21.599917
468,2019110401003624,KSBBL,33,37,1000,144,144000.00,2019-11-04 15:42:21.599917
469,2019110401003625,NABIL,17,32,27,767,20709.00,2019-11-04 15:42:21.599917
470,2019110401003626,NABIL,14,32,73,767,55991.00,2019-11-04 15:42:21.599917
471,2019110401003627,MNBBL,19,44,50,316,15800.00,2019-11-04 15:42:21.599917
472,2019110401003628,SJCL,58,33,20,168,3360.00,2019-11-04 15:42:21.599917
473,2019110401003629,PIC,45,34,10,360,3600.00,2019-11-04 15:42:21.599917
474,2019110401003630,TMDBL,28,4,98,149,14602.00,2019-11-04 15:42:21.599917
475,2019110401003631,TMDBL,40,4,1000,148,148000.00,2019-11-04 15:42:21.599917
476,2019110401003632,SBI,19,25,100,405,40500.00,2019-11-04 15:42:21.599917
477,2019110401003633,NLIC,5,56,100,796,79600.00,2019-11-04 15:42:21.599917
478,2019110401003634,NLIC,26,56,150,795,119250.00,2019-11-04 15:42:21.599917
479,2019110401003635,NLIC,17,56,169,795,134355.00,2019-11-04 15:42:21.599917
480,2019110401003636,SANIMA,14,57,50,305,15250.00,2019-11-04 15:42:21.599917
481,2019110401003591,CBBL,48,17,18,970,17460.00,2019-11-04 15:42:21.599917
482,2019110401003592,NICGF,22,58,500,9,4500.00,2019-11-04 15:42:21.599917
483,2019110401003593,NICGF,22,57,100,9.12,912.00,2019-11-04 15:42:21.599917
484,2019110401003594,SDESI,56,34,27,626,16902.00,2019-11-04 15:42:21.599917
485,2019110401003595,GILB,14,17,40,830,33200.00,2019-11-04 15:42:21.599917
486,2019110401003596,SJCL,52,34,20,169,3380.00,2019-11-04 15:42:21.599917
487,2019110401003597,MBL,57,57,51,227,11577.00,2019-11-04 15:42:21.599917
488,2019110401003598,SDESI,6,43,30,630,18900.00,2019-11-04 15:42:21.599917
489,2019110401003599,LBBL,14,22,100,173,17300.00,2019-11-04 15:42:21.599917
490,2019110401003600,CZBIL,28,26,363,190,68970.00,2019-11-04 15:42:21.599917
491,2019110401003601,CZBIL,32,26,17,190,3230.00,2019-11-04 15:42:21.599917
492,2019110401003602,API,25,6,111,109,12099.00,2019-11-04 15:42:21.599917
493,2019110401003603,NICA,33,45,300,400,120000.00,2019-11-04 15:42:21.599917
494,2019110401003604,TMDBL,26,37,300,149,44700.00,2019-11-04 15:42:21.599917
495,2019110401003605,TMDBL,28,37,102,149,15198.00,2019-11-04 15:42:21.599917
496,2019110401003606,NABIL,37,39,240,768,184320.00,2019-11-04 15:42:21.599917
497,2019110401003607,NABIL,25,39,80,768,61440.00,2019-11-04 15:42:21.599917
498,2019110401003608,NABIL,34,39,80,768,61440.00,2019-11-04 15:42:21.599917
499,2019110401003609,NABIL,14,39,50,768,38400.00,2019-11-04 15:42:21.599917
500,2019110401003610,NABIL,41,39,100,768,76800.00,2019-11-04 15:42:21.599917
501,2019110401003611,ILBS,34,8,10,440,4400.00,2019-11-04 15:42:21.599917
502,2019110401003612,ILBS,34,32,10,440,4400.00,2019-11-04 15:42:21.599917
503,2019110401003613,ILBS,34,29,80,440,35200.00,2019-11-04 15:42:21.599917
504,2019110401003614,SMB,39,34,10,402,4020.00,2019-11-04 15:42:21.599917
505,2019110401003615,MSMBS,55,34,11,451,4961.00,2019-11-04 15:42:21.599917
506,2019110401003616,ADBL,45,47,10,412,4120.00,2019-11-04 15:42:21.599917
507,2019110401003617,RHPL,58,33,10,172,1720.00,2019-11-04 15:42:21.599917
508,2019110401003618,NCCB,33,57,173,200,34600.00,2019-11-04 15:42:21.599917
509,2019110401003566,NLIC,5,22,100,796,79600.00,2019-11-04 15:42:21.599917
510,2019110401003567,NABIL,37,28,100,768,76800.00,2019-11-04 15:42:21.599917
511,2019110401003568,SHINE,26,6,128,254,32512.00,2019-11-04 15:42:21.599917
512,2019110401003569,LBBL,8,35,469,171,80199.00,2019-11-04 15:42:21.599917
513,2019110401003570,PMHPL,49,34,10,85,850.00,2019-11-04 15:42:21.599917
514,2019110401003571,NIB,19,40,172,443,76196.00,2019-11-04 15:42:21.599917
515,2019110401003572,GLICL,17,58,29,349,10121.00,2019-11-04 15:42:21.599917
516,2019110401003573,GLICL,17,50,100,349,34900.00,2019-11-04 15:42:21.599917
517,2019110401003574,LBBL,8,57,48,171,8208.00,2019-11-04 15:42:21.599917
518,2019110401003575,NABIL,28,39,100,769,76900.00,2019-11-04 15:42:21.599917
519,2019110401003576,KBL,42,22,50,182,9100.00,2019-11-04 15:42:21.599917
520,2019110401003577,KBL,49,22,450,182,81900.00,2019-11-04 15:42:21.599917
521,2019110401003578,AKBSL,48,33,10,408,4080.00,2019-11-04 15:42:21.599917
522,2019110401003579,RHPL,58,34,40,172,6880.00,2019-11-04 15:42:21.599917
523,2019110401003580,NABIL,37,29,120,768,92160.00,2019-11-04 15:42:21.599917
524,2019110401003581,LBL,22,17,500,221,110500.00,2019-11-04 15:42:21.599917
525,2019110401003582,UPPER,42,35,100,235,23500.00,2019-11-04 15:42:21.599917
526,2019110401003583,LBBL,57,52,48,172,8256.00,2019-11-04 15:42:21.599917
527,2019110401003584,RRHP,22,34,10,100,1000.00,2019-11-04 15:42:21.599917
528,2019110401003585,SJCL,52,58,20,169,3380.00,2019-11-04 15:42:21.599917
529,2019110401003586,SJCL,52,37,10,169,1690.00,2019-11-04 15:42:21.599917
530,2019110401003587,RSDC,45,6,66,327,21582.00,2019-11-04 15:42:21.599917
531,2019110401003588,ALBSL,32,38,18,389,7002.00,2019-11-04 15:42:21.599917
532,2019110401003589,MNBBL,14,44,138,316,43608.00,2019-11-04 15:42:21.599917
533,2019110401003590,LBBL,33,52,402,172,69144.00,2019-11-04 15:42:21.599917
534,2019110401003549,UPPER,51,35,260,235,61100.00,2019-11-04 15:42:21.599917
535,2019110401003550,UPPER,57,35,300,235,70500.00,2019-11-04 15:42:21.599917
536,2019110401003551,RHPL,58,38,20,172,3440.00,2019-11-04 15:42:21.599917
537,2019110401003552,NIBLPF,6,34,2525,6.81,17195.25,2019-11-04 15:42:21.599917
538,2019110401003553,CCBL,57,48,33,157,5181.00,2019-11-04 15:42:21.599917
539,2019110401003554,CCBL,57,57,88,157,13816.00,2019-11-04 15:42:21.599917
540,2019110401003555,SJCL,58,38,20,168,3360.00,2019-11-04 15:42:21.599917
541,2019110401003556,CIT,19,22,50,1772,88600.00,2019-11-04 15:42:21.599917
542,2019110401003557,RHPL,58,38,20,172,3440.00,2019-11-04 15:42:21.599917
543,2019110401003558,NMBMF,33,37,100,505,50500.00,2019-11-04 15:42:21.599917
544,2019110401003559,API,25,6,89,109,9701.00,2019-11-04 15:42:21.599917
545,2019110401003560,SJCL,58,38,20,168,3360.00,2019-11-04 15:42:21.599917
546,2019110401003561,GBLBS,50,57,15,309,4635.00,2019-11-04 15:42:21.599917
547,2019110401003562,CCBL,25,57,33,157,5181.00,2019-11-04 15:42:21.599917
548,2019110401003563,NIB,38,6,44,442,19448.00,2019-11-04 15:42:21.599917
549,2019110401003564,NMBHF1,49,34,500,8.4,4200.00,2019-11-04 15:42:21.599917
550,2019110401003565,NMBHF1,57,34,3661,8.38,30679.18,2019-11-04 15:42:21.599917
551,2019110401003518,DBBL,38,7,50,124,6200.00,2019-11-04 15:42:21.599917
552,2019110401003519,DBBL,20,7,250,124,31000.00,2019-11-04 15:42:21.599917
553,2019110401003520,PIC,57,57,11,356,3916.00,2019-11-04 15:42:21.599917
554,2019110401003521,GLBSL,42,38,10,418,4180.00,2019-11-04 15:42:21.599917
555,2019110401003522,NICL,38,38,4,262,1048.00,2019-11-04 15:42:21.599917
556,2019110401003523,RHPL,44,41,10,173,1730.00,2019-11-04 15:42:21.599917
557,2019110401003524,RHPL,44,43,30,173,5190.00,2019-11-04 15:42:21.599917
558,2019110401003525,RHPL,44,26,400,173,69200.00,2019-11-04 15:42:21.599917
559,2019110401003526,RHPL,44,52,50,173,8650.00,2019-11-04 15:42:21.599917
560,2019110401003527,RHPL,44,7,40,173,6920.00,2019-11-04 15:42:21.599917
561,2019110401003528,RHPL,44,37,10,173,1730.00,2019-11-04 15:42:21.599917
562,2019110401003529,RHPL,44,41,40,174,6960.00,2019-11-04 15:42:21.599917
563,2019110401003530,RHPL,44,41,40,174,6960.00,2019-11-04 15:42:21.599917
564,2019110401003531,RHPL,44,41,40,174,6960.00,2019-11-04 15:42:21.599917
565,2019110401003532,RHPL,44,33,270,174,46980.00,2019-11-04 15:42:21.599917
566,2019110401003533,DDBL,49,38,217,717,155589.00,2019-11-04 15:42:21.599917
567,2019110401003534,DDBL,49,59,13,717,9321.00,2019-11-04 15:42:21.599917
568,2019110401003535,PCBL,13,18,128,262,33536.00,2019-11-04 15:42:21.599917
569,2019110401003536,SBL,22,22,353,292,103076.00,2019-11-04 15:42:21.599917
570,2019110401003537,SBL,22,19,99,292,28908.00,2019-11-04 15:42:21.599917
571,2019110401003538,SANIMA,32,45,50,305,15250.00,2019-11-04 15:42:21.599917
572,2019110401003539,SANIMA,14,45,850,305,259250.00,2019-11-04 15:42:21.599917
573,2019110401003540,NEF,57,34,2414,7.52,18153.28,2019-11-04 15:42:21.599917
574,2019110401003541,NABIL,57,39,50,769,38450.00,2019-11-04 15:42:21.599917
575,2019110401003542,NABIL,14,37,15,768,11520.00,2019-11-04 15:42:21.599917
576,2019110401003543,NABIL,37,37,40,768,30720.00,2019-11-04 15:42:21.599917
577,2019110401003544,NCCB,41,51,299,200,59800.00,2019-11-04 15:42:21.599917
578,2019110401003545,NCCB,33,51,201,200,40200.00,2019-11-04 15:42:21.599917
579,2019110401003546,ADBL,16,42,375,411,154125.00,2019-11-04 15:42:21.599917
580,2019110401003547,CHCL,36,11,50,460,23000.00,2019-11-04 15:42:21.599917
581,2019110401003548,NLICL,25,42,10,427,4270.00,2019-11-04 15:42:21.599917
582,2019110401003499,JBBL,13,6,154,156,24024.00,2019-11-04 15:42:21.599917
583,2019110401003500,JBBL,13,13,97,156,15132.00,2019-11-04 15:42:21.599917
584,2019110401003501,NICA,57,32,400,401,160400.00,2019-11-04 15:42:21.599917
585,2019110401003502,UPPER,52,57,60,235,14100.00,2019-11-04 15:42:21.599917
586,2019110401003503,UPPER,51,57,240,235,56400.00,2019-11-04 15:42:21.599917
587,2019110401003504,RHPL,58,38,20,171,3420.00,2019-11-04 15:42:21.599917
588,2019110401003505,SHPC,45,3,50,193,9650.00,2019-11-04 15:42:21.599917
589,2019110401003506,GBBL,42,37,228,225,51300.00,2019-11-04 15:42:21.599917
590,2019110401003507,GBBL,42,14,989,225,222525.00,2019-11-04 15:42:21.599917
591,2019110401003508,GBBL,42,39,215,225,48375.00,2019-11-04 15:42:21.599917
592,2019110401003509,GBBL,42,42,2500,225,562500.00,2019-11-04 15:42:21.599917
593,2019110401003510,GBBL,42,45,1000,225,225000.00,2019-11-04 15:42:21.599917
594,2019110401003511,SJCL,58,38,20,168,3360.00,2019-11-04 15:42:21.599917
595,2019110401003512,NICA,25,48,20,400,8000.00,2019-11-04 15:42:21.599917
596,2019110401003513,MNBBL,26,44,100,316,31600.00,2019-11-04 15:42:21.599917
597,2019110401003514,AKPL,25,59,15,130,1950.00,2019-11-04 15:42:21.599917
598,2019110401003515,NICA,25,45,32,400,12800.00,2019-11-04 15:42:21.599917
599,2019110401003516,NICA,14,45,100,400,40000.00,2019-11-04 15:42:21.599917
600,2019110401003517,NICA,52,45,200,400,80000.00,2019-11-04 15:42:21.599917
601,2019110401003470,GLBSL,42,34,10,418,4180.00,2019-11-04 15:42:21.599917
602,2019110401003471,JBBL,38,22,817,155,126635.00,2019-11-04 15:42:21.599917
603,2019110401003472,JBBL,13,22,500,155,77500.00,2019-11-04 15:42:21.599917
604,2019110401003473,JBBL,37,22,331,155,51305.00,2019-11-04 15:42:21.599917
605,2019110401003474,MERO,57,35,170,564,95880.00,2019-11-04 15:42:21.599917
606,2019110401003475,CHCL,47,40,10,461,4610.00,2019-11-04 15:42:21.599917
607,2019110401003476,NLICL,25,32,10,425,4250.00,2019-11-04 15:42:21.599917
608,2019110401003477,NLICL,29,32,70,421,29470.00,2019-11-04 15:42:21.599917
609,2019110401003478,NLICL,13,32,65,421,27365.00,2019-11-04 15:42:21.599917
610,2019110401003479,SHPC,28,6,200,192,38400.00,2019-11-04 15:42:21.599917
611,2019110401003480,GLICL,57,34,74,348,25752.00,2019-11-04 15:42:21.599917
612,2019110401003481,PCBL,57,57,244,263,64172.00,2019-11-04 15:42:21.599917
613,2019110401003482,PRVU,38,57,422,268,113096.00,2019-11-04 15:42:21.599917
614,2019110401003483,PRVU,38,22,3240,268,868320.00,2019-11-04 15:42:21.599917
615,2019110401003484,NCCB,8,45,618,201,124218.00,2019-11-04 15:42:21.599917
616,2019110401003485,NCCB,8,39,382,201,76782.00,2019-11-04 15:42:21.599917
617,2019110401003486,NBB,25,56,155,208,32240.00,2019-11-04 15:42:21.599917
618,2019110401003487,MEGA,45,57,25,190,4750.00,2019-11-04 15:42:21.599917
619,2019110401003488,RHPL,58,38,20,171,3420.00,2019-11-04 15:42:21.599917
620,2019110401003489,PLIC,36,7,400,310,124000.00,2019-11-04 15:42:21.599917
621,2019110401003490,PLIC,36,57,80,310,24800.00,2019-11-04 15:42:21.599917
622,2019110401003491,HIDCL,45,26,50,136,6800.00,2019-11-04 15:42:21.599917
623,2019110401003492,HIDCL,45,39,500,137,68500.00,2019-11-04 15:42:21.599917
624,2019110401003493,HIDCL,45,45,500,137,68500.00,2019-11-04 15:42:21.599917
625,2019110401003494,SJCL,58,38,20,168,3360.00,2019-11-04 15:42:21.599917
626,2019110401003495,NBL,48,38,2900,314,910600.00,2019-11-04 15:42:21.599917
627,2019110401003496,UPCL,52,49,30,74,2220.00,2019-11-04 15:42:21.599917
628,2019110401003497,UPCL,52,22,50,74,3700.00,2019-11-04 15:42:21.599917
629,2019110401003498,UPCL,52,35,20,74,1480.00,2019-11-04 15:42:21.599917
630,2019110401003436,MEGA,34,57,110,189,20790.00,2019-11-04 15:42:21.599917
631,2019110401003437,PRVU,7,57,500,268,134000.00,2019-11-04 15:42:21.599917
632,2019110401003438,SABSL,13,26,10,455,4550.00,2019-11-04 15:42:21.599917
633,2019110401003439,SABSL,13,52,10,455,4550.00,2019-11-04 15:42:21.599917
634,2019110401003440,SHIVM,40,42,20,481,9620.00,2019-11-04 15:42:21.599917
635,2019110401003441,SHIVM,40,42,250,481,120250.00,2019-11-04 15:42:21.599917
636,2019110401003442,SHIVM,47,42,140,481,67340.00,2019-11-04 15:42:21.599917
637,2019110401003443,RSDC,38,6,50,325,16250.00,2019-11-04 15:42:21.599917
638,2019110401003444,MNBBL,35,33,311,315,97965.00,2019-11-04 15:42:21.599917
639,2019110401003445,MNBBL,52,33,50,315,15750.00,2019-11-04 15:42:21.599917
640,2019110401003446,MNBBL,57,33,100,315,31500.00,2019-11-04 15:42:21.599917
641,2019110401003447,MNBBL,13,33,50,315,15750.00,2019-11-04 15:42:21.599917
642,2019110401003448,MNBBL,51,33,50,315,15750.00,2019-11-04 15:42:21.599917
643,2019110401003449,MNBBL,35,33,139,315,43785.00,2019-11-04 15:42:21.599917
644,2019110401003450,RHPL,58,38,20,171,3420.00,2019-11-04 15:42:21.599917
645,2019110401003451,MEGA,57,57,110,190,20900.00,2019-11-04 15:42:21.599917
646,2019110401003452,SJCL,58,38,20,168,3360.00,2019-11-04 15:42:21.599917
647,2019110401003453,HIDCL,33,45,37,135,4995.00,2019-11-04 15:42:21.599917
648,2019110401003454,PRIN,17,22,10,310,3100.00,2019-11-04 15:42:21.599917
649,2019110401003455,PRIN,5,22,164,309,50676.00,2019-11-04 15:42:21.599917
650,2019110401003456,FMDBL,52,42,35,308,10780.00,2019-11-04 15:42:21.599917
651,2019110401003457,SBL,46,26,15,291,4365.00,2019-11-04 15:42:21.599917
652,2019110401003458,PRVU,25,57,200,268,53600.00,2019-11-04 15:42:21.599917
653,2019110401003459,NIL,7,37,25,376,9400.00,2019-11-04 15:42:21.599917
654,2019110401003460,GBBL,35,34,10,222,2220.00,2019-11-04 15:42:21.599917
655,2019110401003461,NMBMF,29,18,50,510,25500.00,2019-11-04 15:42:21.599917
656,2019110401003462,GBBL,35,47,100,224,22400.00,2019-11-04 15:42:21.599917
657,2019110401003463,HIDCL,33,45,37,135,4995.00,2019-11-04 15:42:21.599917
658,2019110401003464,LBL,43,56,163,221,36023.00,2019-11-04 15:42:21.599917
659,2019110401003465,LBL,43,46,300,221,66300.00,2019-11-04 15:42:21.599917
660,2019110401003466,LBL,43,52,637,221,140777.00,2019-11-04 15:42:21.599917
661,2019110401003467,NMBHF1,21,52,839,8.51,7139.89,2019-11-04 15:42:21.599917
662,2019110401003468,PRVU,7,57,200,268,53600.00,2019-11-04 15:42:21.599917
663,2019110401003469,PRVU,25,57,200,268,53600.00,2019-11-04 15:42:21.599917
664,2019110401003409,CCBL,57,35,27,157,4239.00,2019-11-04 15:42:21.599917
665,2019110401003410,SHIVM,35,45,300,482,144600.00,2019-11-04 15:42:21.599917
666,2019110401003411,NBB,47,13,150,208,31200.00,2019-11-04 15:42:21.599917
667,2019110401003412,NICA,25,25,156,400,62400.00,2019-11-04 15:42:21.599917
668,2019110401003413,NICA,25,45,100,400,40000.00,2019-11-04 15:42:21.599917
669,2019110401003414,NICA,25,38,11,400,4400.00,2019-11-04 15:42:21.599917
670,2019110401003415,NICA,25,14,50,400,20000.00,2019-11-04 15:42:21.599917
671,2019110401003416,NICA,25,50,50,400,20000.00,2019-11-04 15:42:21.599917
672,2019110401003417,CBL,43,26,100,142,14200.00,2019-11-04 15:42:21.599917
673,2019110401003418,UPPER,52,34,40,235,9400.00,2019-11-04 15:42:21.599917
674,2019110401003419,MNBBL,35,58,350,315,110250.00,2019-11-04 15:42:21.599917
675,2019110401003420,RHPL,58,38,20,171,3420.00,2019-11-04 15:42:21.599917
676,2019110401003421,CCBL,13,35,473,157,74261.00,2019-11-04 15:42:21.599917
677,2019110401003422,CCBL,13,17,164,157,25748.00,2019-11-04 15:42:21.599917
678,2019110401003423,CCBL,13,40,196,157,30772.00,2019-11-04 15:42:21.599917
679,2019110401003424,SJCL,58,38,20,168,3360.00,2019-11-04 15:42:21.599917
680,2019110401003425,SKBBL,22,57,156,932,145392.00,2019-11-04 15:42:21.599917
681,2019110401003426,ILBS,48,38,10,438,4380.00,2019-11-04 15:42:21.599917
682,2019110401003427,ADBL,38,42,100,411,41100.00,2019-11-04 15:42:21.599917
683,2019110401003428,CHCL,25,40,12,462,5544.00,2019-11-04 15:42:21.599917
684,2019110401003429,NCCB,39,22,50,200,10000.00,2019-11-04 15:42:21.599917
685,2019110401003430,NCCB,42,22,25,200,5000.00,2019-11-04 15:42:21.599917
686,2019110401003431,NCCB,17,22,2000,200,400000.00,2019-11-04 15:42:21.599917
687,2019110401003432,NCCB,14,22,100,200,20000.00,2019-11-04 15:42:21.599917
688,2019110401003433,NCCB,17,22,500,200,100000.00,2019-11-04 15:42:21.599917
689,2019110401003434,NCCB,26,22,100,200,20000.00,2019-11-04 15:42:21.599917
690,2019110401003435,NCCB,41,22,701,200,140200.00,2019-11-04 15:42:21.599917
691,2019110401003386,UNHPL,52,52,50,55,2750.00,2019-11-04 15:42:21.599917
692,2019110401003387,SPARS,45,36,10,522,5220.00,2019-11-04 15:42:21.599917
693,2019110401003388,RHPL,58,42,40,171,6840.00,2019-11-04 15:42:21.599917
694,2019110401003389,PICL,13,4,200,432,86400.00,2019-11-04 15:42:21.599917
695,2019110401003390,EBL,41,29,20,553,11060.00,2019-11-04 15:42:21.599917
696,2019110401003391,SHPC,4,6,100,194,19400.00,2019-11-04 15:42:21.599917
697,2019110401003392,CHCL,29,39,200,460,92000.00,2019-11-04 15:42:21.599917
698,2019110401003393,NLICL,44,38,279,427,119133.00,2019-11-04 15:42:21.599917
699,2019110401003394,SJCL,58,42,20,168,3360.00,2019-11-04 15:42:21.599917
700,2019110401003395,SPARS,45,34,10,522,5220.00,2019-11-04 15:42:21.599917
701,2019110401003396,SBL,42,22,100,292,29200.00,2019-11-04 15:42:21.599917
702,2019110401003397,NMBHF1,6,46,4161,8.52,35451.72,2019-11-04 15:42:21.599917
703,2019110401003398,NBL,13,22,19,313,5947.00,2019-11-04 15:42:21.599917
704,2019110401003399,UNHPL,52,52,50,55,2750.00,2019-11-04 15:42:21.599917
705,2019110401003400,EBL,58,58,10,557,5570.00,2019-11-04 15:42:21.599917
706,2019110401003401,SABSL,36,38,10,454,4540.00,2019-11-04 15:42:21.599917
707,2019110401003402,KSBBL,47,54,150,144,21600.00,2019-11-04 15:42:21.599917
708,2019110401003403,SHIVM,35,45,100,482,48200.00,2019-11-04 15:42:21.599917
709,2019110401003404,SHIVM,45,45,100,482,48200.00,2019-11-04 15:42:21.599917
710,2019110401003405,PFL,28,59,20,134,2680.00,2019-11-04 15:42:21.599917
711,2019110401003406,PFL,28,59,390,134,52260.00,2019-11-04 15:42:21.599917
712,2019110401003407,NABIL,26,39,100,769,76900.00,2019-11-04 15:42:21.599917
713,2019110401003408,CCBL,57,57,90,157,14130.00,2019-11-04 15:42:21.599917
714,2019110401003358,MHNL,40,48,200,77,15400.00,2019-11-04 15:42:21.599917
715,2019110401003359,RHPL,58,34,30,171,5130.00,2019-11-04 15:42:21.599917
716,2019110401003360,NABIL,55,19,448,768,344064.00,2019-11-04 15:42:21.599917
717,2019110401003361,CBBL,13,17,115,970,111550.00,2019-11-04 15:42:21.599917
718,2019110401003362,CBBL,58,17,12,970,11640.00,2019-11-04 15:42:21.599917
719,2019110401003363,NLIC,40,6,22,798,17556.00,2019-11-04 15:42:21.599917
720,2019110401003364,LBL,16,25,154,221,34034.00,2019-11-04 15:42:21.599917
721,2019110401003365,LBL,16,45,846,221,186966.00,2019-11-04 15:42:21.599917
722,2019110401003366,RRHP,22,34,10,100,1000.00,2019-11-04 15:42:21.599917
723,2019110401003367,UPPER,52,52,40,234,9360.00,2019-11-04 15:42:21.599917
724,2019110401003368,NMBMF,45,18,100,510,51000.00,2019-11-04 15:42:21.599917
725,2019110401003369,PLIC,1,7,100,310,31000.00,2019-11-04 15:42:21.599917
726,2019110401003370,CHCL,29,21,100,460,46000.00,2019-11-04 15:42:21.599917
727,2019110401003371,NBL,32,43,900,314,282600.00,2019-11-04 15:42:21.599917
728,2019110401003372,NBL,32,43,100,314,31400.00,2019-11-04 15:42:21.599917
729,2019110401003373,MHNL,40,48,300,77,23100.00,2019-11-04 15:42:21.599917
730,2019110401003374,LBL,16,45,154,221,34034.00,2019-11-04 15:42:21.599917
731,2019110401003375,LBL,16,42,59,221,13039.00,2019-11-04 15:42:21.599917
732,2019110401003376,LBL,16,56,287,221,63427.00,2019-11-04 15:42:21.599917
733,2019110401003377,SJCL,58,34,20,168,3360.00,2019-11-04 15:42:21.599917
734,2019110401003378,NBL,32,43,900,314,282600.00,2019-11-04 15:42:21.599917
735,2019110401003379,NBL,32,38,100,314,31400.00,2019-11-04 15:42:21.599917
736,2019110401003380,NBL,53,22,520,313,162760.00,2019-11-04 15:42:21.599917
737,2019110401003381,PCBL,26,57,173,263,45499.00,2019-11-04 15:42:21.599917
738,2019110401003382,PCBL,26,29,110,263,28930.00,2019-11-04 15:42:21.599917
739,2019110401003383,JBBL,42,6,100,156,15600.00,2019-11-04 15:42:21.599917
740,2019110401003384,UPPER,25,52,50,236,11800.00,2019-11-04 15:42:21.599917
741,2019110401003385,MNBBL,6,44,5000,315,1575000.00,2019-11-04 15:42:21.599917
742,2019110401003332,KBL,42,49,55,182,10010.00,2019-11-04 15:42:21.599917
743,2019110401003333,GMFBS,33,35,10,463,4630.00,2019-11-04 15:42:21.599917
744,2019110401003334,GMFBS,33,45,10,463,4630.00,2019-11-04 15:42:21.599917
745,2019110401003335,SJCL,58,34,20,168,3360.00,2019-11-04 15:42:21.599917
746,2019110401003336,RHPL,58,49,30,171,5130.00,2019-11-04 15:42:21.599917
747,2019110401003337,LBBL,8,46,51,171,8721.00,2019-11-04 15:42:21.599917
748,2019110401003338,KSBBL,50,42,93,143,13299.00,2019-11-04 15:42:21.599917
749,2019110401003339,KSBBL,39,42,1487,143,212641.00,2019-11-04 15:42:21.599917
750,2019110401003340,KSBBL,43,42,163,143,23309.00,2019-11-04 15:42:21.599917
751,2019110401003341,UPPER,52,34,40,234,9360.00,2019-11-04 15:42:21.599917
752,2019110401003342,NLIC,25,57,10,800,8000.00,2019-11-04 15:42:21.599917
753,2019110401003343,SJCL,58,49,20,168,3360.00,2019-11-04 15:42:21.599917
754,2019110401003344,MDB,32,38,10,245,2450.00,2019-11-04 15:42:21.599917
755,2019110401003345,MDB,32,44,15,245,3675.00,2019-11-04 15:42:21.599917
756,2019110401003346,NICA,52,25,100,400,40000.00,2019-11-04 15:42:21.599917
757,2019110401003347,RHPL,58,38,20,171,3420.00,2019-11-04 15:42:21.599917
758,2019110401003348,UNHPL,17,19,150,56,8400.00,2019-11-04 15:42:21.599917
759,2019110401003349,UNHPL,52,19,50,56,2800.00,2019-11-04 15:42:21.599917
760,2019110401003350,GMFBS,33,10,10,468,4680.00,2019-11-04 15:42:21.599917
761,2019110401003351,MFIL,44,21,50,127,6350.00,2019-11-04 15:42:21.599917
762,2019110401003352,SJCL,58,38,20,168,3360.00,2019-11-04 15:42:21.599917
763,2019110401003353,NIB,38,49,118,442,52156.00,2019-11-04 15:42:21.599917
764,2019110401003354,PRVU,54,57,200,268,53600.00,2019-11-04 15:42:21.599917
765,2019110401003355,NBB,44,13,50,208,10400.00,2019-11-04 15:42:21.599917
766,2019110401003356,PMHPL,54,34,10,84,840.00,2019-11-04 15:42:21.599917
767,2019110401003357,FMDBL,21,42,300,308,92400.00,2019-11-04 15:42:21.599917
768,2019110401003314,PCBL,58,22,15,262,3930.00,2019-11-04 15:42:21.599917
769,2019110401003315,PCBL,13,22,43,262,11266.00,2019-11-04 15:42:21.599917
770,2019110401003316,RHPL,58,13,120,171,20520.00,2019-11-04 15:42:21.599917
771,2019110401003317,MHNL,40,48,105,78,8190.00,2019-11-04 15:42:21.599917
772,2019110401003318,MHNL,11,48,200,77,15400.00,2019-11-04 15:42:21.599917
773,2019110401003319,RHPL,58,34,40,171,6840.00,2019-11-04 15:42:21.599917
774,2019110401003320,GMFBS,33,32,10,462,4620.00,2019-11-04 15:42:21.599917
775,2019110401003321,GMFBS,33,13,10,462,4620.00,2019-11-04 15:42:21.599917
776,2019110401003322,RHPL,58,38,20,171,3420.00,2019-11-04 15:42:21.599917
777,2019110401003323,RRHP,22,34,10,100,1000.00,2019-11-04 15:42:21.599917
778,2019110401003324,UPPER,11,35,150,235,35250.00,2019-11-04 15:42:21.599917
779,2019110401003325,JBBL,41,6,400,156,62400.00,2019-11-04 15:42:21.599917
780,2019110401003326,SJCL,58,38,20,168,3360.00,2019-11-04 15:42:21.599917
781,2019110401003327,NICA,46,25,13,400,5200.00,2019-11-04 15:42:21.599917
782,2019110401003328,CZBIL,28,49,35,190,6650.00,2019-11-04 15:42:21.599917
783,2019110401003329,SABSL,36,34,10,454,4540.00,2019-11-04 15:42:21.599917
784,2019110401003330,HBL,43,19,100,493,49300.00,2019-11-04 15:42:21.599917
785,2019110401003331,UPPER,25,52,20,236,4720.00,2019-11-04 15:42:21.599917
786,2019110401003293,UPPER,49,37,50,235,11750.00,2019-11-04 15:42:21.599917
787,2019110401003294,NABIL,13,32,10,767,7670.00,2019-11-04 15:42:21.599917
788,2019110401003295,NABIL,34,32,17,767,13039.00,2019-11-04 15:42:21.599917
789,2019110401003296,NABIL,17,32,73,767,55991.00,2019-11-04 15:42:21.599917
790,2019110401003297,PMHPL,54,34,10,84,840.00,2019-11-04 15:42:21.599917
791,2019110401003298,SJCL,58,37,10,168,1680.00,2019-11-04 15:42:21.599917
792,2019110401003299,RHPL,58,52,40,171,6840.00,2019-11-04 15:42:21.599917
793,2019110401003300,SJCL,58,20,10,168,1680.00,2019-11-04 15:42:21.599917
794,2019110401003301,SLICL,4,7,600,260,156000.00,2019-11-04 15:42:21.599917
795,2019110401003302,HBL,25,19,10,493,4930.00,2019-11-04 15:42:21.599917
796,2019110401003303,SABSL,36,38,10,454,4540.00,2019-11-04 15:42:21.599917
797,2019110401003304,GMFBS,33,7,10,461,4610.00,2019-11-04 15:42:21.599917
798,2019110401003305,RADHI,13,34,11,133,1463.00,2019-11-04 15:42:21.599917
799,2019110401003306,SINDU,34,1,10,124,1240.00,2019-11-04 15:42:21.599917
800,2019110401003307,NIB,38,32,100,442,44200.00,2019-11-04 15:42:21.599917
801,2019110401003308,UPPER,44,37,10,234,2340.00,2019-11-04 15:42:21.599917
802,2019110401003309,UPPER,52,37,40,234,9360.00,2019-11-04 15:42:21.599917
803,2019110401003310,AKBSL,48,22,10,408,4080.00,2019-11-04 15:42:21.599917
804,2019110401003311,SPARS,39,38,10,521,5210.00,2019-11-04 15:42:21.599917
805,2019110401003312,UPPER,11,45,50,235,11750.00,2019-11-04 15:42:21.599917
806,2019110401003313,TRH,33,55,10,286,2860.00,2019-11-04 15:42:21.599917
807,2019110401003258,MBL,50,1,50,226,11300.00,2019-11-04 15:42:21.599917
808,2019110401003259,LBL,26,25,60,221,13260.00,2019-11-04 15:42:21.599917
809,2019110401003260,SHINE,47,40,90,255,22950.00,2019-11-04 15:42:21.599917
810,2019110401003261,SHINE,47,6,10,255,2550.00,2019-11-04 15:42:21.599917
811,2019110401003262,NADEP,37,37,20,390,7800.00,2019-11-04 15:42:21.599917
812,2019110401003263,MBL,50,6,149,227,33823.00,2019-11-04 15:42:21.599917
813,2019110401003264,MBL,50,14,200,227,45400.00,2019-11-04 15:42:21.599917
814,2019110401003265,MBL,50,46,109,227,24743.00,2019-11-04 15:42:21.599917
815,2019110401003266,PCBL,42,57,30,263,7890.00,2019-11-04 15:42:21.599917
816,2019110401003267,CHCL,48,55,100,462,46200.00,2019-11-04 15:42:21.599917
817,2019110401003268,CHCL,48,40,50,463,23150.00,2019-11-04 15:42:21.599917
818,2019110401003269,GMFBS,33,34,10,457,4570.00,2019-11-04 15:42:21.599917
819,2019110401003270,UPPER,33,52,10,236,2360.00,2019-11-04 15:42:21.599917
820,2019110401003271,FMDBL,21,51,100,310,31000.00,2019-11-04 15:42:21.599917
821,2019110401003272,CZBIL,35,32,198,190,37620.00,2019-11-04 15:42:21.599917
822,2019110401003273,CZBIL,28,32,102,190,19380.00,2019-11-04 15:42:21.599917
823,2019110401003274,PFL,7,52,26,133,3458.00,2019-11-04 15:42:21.599917
824,2019110401003275,BOKL,17,29,170,225,38250.00,2019-11-04 15:42:21.599917
825,2019110401003276,AKBSL,48,53,10,408,4080.00,2019-11-04 15:42:21.599917
826,2019110401003277,RADHI,13,37,12,133,1596.00,2019-11-04 15:42:21.599917
827,2019110401003278,NADEP,17,34,20,386,7720.00,2019-11-04 15:42:21.599917
828,2019110401003279,ALBSL,51,20,10,386,3860.00,2019-11-04 15:42:21.599917
829,2019110401003280,SJCL,58,22,10,168,1680.00,2019-11-04 15:42:21.599917
830,2019110401003281,SJCL,58,38,20,168,3360.00,2019-11-04 15:42:21.599917
831,2019110401003282,NLG,29,1,14,546,7644.00,2019-11-04 15:42:21.599917
832,2019110401003283,NLG,29,1,20,546,10920.00,2019-11-04 15:42:21.599917
833,2019110401003284,SABSL,36,53,10,454,4540.00,2019-11-04 15:42:21.599917
834,2019110401003285,RADHI,13,52,11,133,1463.00,2019-11-04 15:42:21.599917
835,2019110401003286,RHPL,58,37,10,171,1710.00,2019-11-04 15:42:21.599917
836,2019110401003287,NSEWA,39,34,10,370,3700.00,2019-11-04 15:42:21.599917
837,2019110401003288,SKBBL,39,48,146,930,135780.00,2019-11-04 15:42:21.599917
838,2019110401003289,RHPL,58,20,40,171,6840.00,2019-11-04 15:42:21.599917
839,2019110401003290,NCCB,33,52,295,200,59000.00,2019-11-04 15:42:21.599917
840,2019110401003291,ILBS,48,38,10,438,4380.00,2019-11-04 15:42:21.599917
841,2019110401003292,GMFBS,33,22,10,457,4570.00,2019-11-04 15:42:21.599917
842,2019110401003226,UPPER,59,6,200,235,47000.00,2019-11-04 15:42:21.599917
843,2019110401003227,SABSL,36,34,10,454,4540.00,2019-11-04 15:42:21.599917
844,2019110401003228,NABIL,22,19,100,768,76800.00,2019-11-04 15:42:21.599917
845,2019110401003229,KBL,42,50,145,182,26390.00,2019-11-04 15:42:21.599917
846,2019110401003230,KBL,42,1,100,182,18200.00,2019-11-04 15:42:21.599917
847,2019110401003231,MNBBL,35,58,103,315,32445.00,2019-11-04 15:42:21.599917
848,2019110401003232,GLICL,52,58,100,349,34900.00,2019-11-04 15:42:21.599917
849,2019110401003233,ALBSL,51,37,10,386,3860.00,2019-11-04 15:42:21.599917
850,2019110401003234,SJCL,58,34,20,168,3360.00,2019-11-04 15:42:21.599917
851,2019110401003235,SHPC,29,3,10,196,1960.00,2019-11-04 15:42:21.599917
852,2019110401003236,RHPL,58,38,20,171,3420.00,2019-11-04 15:42:21.599917
853,2019110401003237,SBL,20,22,400,292,116800.00,2019-11-04 15:42:21.599917
854,2019110401003238,UPPER,41,34,37,234,8658.00,2019-11-04 15:42:21.599917
855,2019110401003239,AHPC,53,42,485,95,46075.00,2019-11-04 15:42:21.599917
856,2019110401003240,AHPC,42,42,100,95,9500.00,2019-11-04 15:42:21.599917
857,2019110401003241,AHPC,28,42,252,94,23688.00,2019-11-04 15:42:21.599917
858,2019110401003242,AHPC,32,42,500,94,47000.00,2019-11-04 15:42:21.599917
859,2019110401003243,AHPC,39,42,100,94,9400.00,2019-11-04 15:42:21.599917
860,2019110401003244,AHPC,37,42,200,94,18800.00,2019-11-04 15:42:21.599917
861,2019110401003245,AHPC,25,42,200,94,18800.00,2019-11-04 15:42:21.599917
862,2019110401003246,AHPC,25,42,50,94,4700.00,2019-11-04 15:42:21.599917
863,2019110401003247,AHPC,35,42,50,94,4700.00,2019-11-04 15:42:21.599917
864,2019110401003248,AHPC,57,42,100,94,9400.00,2019-11-04 15:42:21.599917
865,2019110401003249,AHPC,16,42,300,94,28200.00,2019-11-04 15:42:21.599917
866,2019110401003250,AHPC,17,42,200,94,18800.00,2019-11-04 15:42:21.599917
867,2019110401003251,AHPC,42,42,4593,94,431742.00,2019-11-04 15:42:21.599917
868,2019110401003252,AKPL,22,38,38,128,4864.00,2019-11-04 15:42:21.599917
869,2019110401003253,AKPL,13,38,400,128,51200.00,2019-11-04 15:42:21.599917
870,2019110401003254,NADEP,37,7,10,390,3900.00,2019-11-04 15:42:21.599917
871,2019110401003255,API,25,22,11,110,1210.00,2019-11-04 15:42:21.599917
872,2019110401003256,UPPER,44,22,50,234,11700.00,2019-11-04 15:42:21.599917
873,2019110401003257,NABIL,14,19,175,768,134400.00,2019-11-04 15:42:21.599917
874,2019110401003194,NICL,25,11,29,265,7685.00,2019-11-04 15:42:21.599917
875,2019110401003195,NICL,25,45,57,266,15162.00,2019-11-04 15:42:21.599917
876,2019110401003196,NICL,25,34,14,267,3738.00,2019-11-04 15:42:21.599917
877,2019110401003197,NICA,14,14,100,398,39800.00,2019-11-04 15:42:21.599917
878,2019110401003198,BOKL,17,58,133,225,29925.00,2019-11-04 15:42:21.599917
879,2019110401003199,PMHPL,54,34,10,84,840.00,2019-11-04 15:42:21.599917
880,2019110401003200,SBL,38,22,50,292,14600.00,2019-11-04 15:42:21.599917
881,2019110401003201,NICA,25,14,81,398,32238.00,2019-11-04 15:42:21.599917
882,2019110401003202,CZBIL,35,58,76,190,14440.00,2019-11-04 15:42:21.599917
883,2019110401003203,NLBBL,41,33,10,499,4990.00,2019-11-04 15:42:21.599917
884,2019110401003204,SCB,46,45,232,557,129224.00,2019-11-04 15:42:21.599917
885,2019110401003205,SCB,46,34,35,557,19495.00,2019-11-04 15:42:21.599917
886,2019110401003206,SCB,46,50,240,557,133680.00,2019-11-04 15:42:21.599917
887,2019110401003207,SCB,46,50,250,557,139250.00,2019-11-04 15:42:21.599917
888,2019110401003208,SCB,46,42,243,558,135594.00,2019-11-04 15:42:21.599917
889,2019110401003209,NICA,53,6,50,399,19950.00,2019-11-04 15:42:21.599917
890,2019110401003210,RADHI,13,34,12,133,1596.00,2019-11-04 15:42:21.599917
891,2019110401003211,PIC,40,42,10,359,3590.00,2019-11-04 15:42:21.599917
892,2019110401003212,PIC,57,42,67,358,23986.00,2019-11-04 15:42:21.599917
893,2019110401003213,PIC,7,42,52,358,18616.00,2019-11-04 15:42:21.599917
894,2019110401003214,PIC,57,42,100,358,35800.00,2019-11-04 15:42:21.599917
895,2019110401003215,PIC,51,42,200,356,71200.00,2019-11-04 15:42:21.599917
896,2019110401003216,PIC,42,42,200,356,71200.00,2019-11-04 15:42:21.599917
897,2019110401003217,PIC,42,42,923,356,328588.00,2019-11-04 15:42:21.599917
898,2019110401003218,NABIL,26,49,38,768,29184.00,2019-11-04 15:42:21.599917
899,2019110401003219,NABIL,26,19,42,768,32256.00,2019-11-04 15:42:21.599917
900,2019110401003220,SJCL,58,38,20,168,3360.00,2019-11-04 15:42:21.599917
901,2019110401003221,NIB,20,40,20,443,8860.00,2019-11-04 15:42:21.599917
902,2019110401003222,SADBL,43,49,200,140,28000.00,2019-11-04 15:42:21.599917
903,2019110401003223,RHPL,58,34,30,171,5130.00,2019-11-04 15:42:21.599917
904,2019110401003224,NLICL,25,42,42,425,17850.00,2019-11-04 15:42:21.599917
905,2019110401003225,CZBIL,35,46,162,190,30780.00,2019-11-04 15:42:21.599917
906,2019110401003160,SANIMA,4,6,336,305,102480.00,2019-11-04 15:42:21.599917
907,2019110401003161,SBI,49,49,100,406,40600.00,2019-11-04 15:42:21.599917
908,2019110401003162,SBI,49,57,200,406,81200.00,2019-11-04 15:42:21.599917
909,2019110401003163,UPPER,7,52,10,236,2360.00,2019-11-04 15:42:21.599917
910,2019110401003164,SHIVM,35,22,50,482,24100.00,2019-11-04 15:42:21.599917
911,2019110401003165,MEGA,41,33,61,189,11529.00,2019-11-04 15:42:21.599917
912,2019110401003166,MEGA,29,33,100,189,18900.00,2019-11-04 15:42:21.599917
913,2019110401003167,MEGA,29,33,200,189,37800.00,2019-11-04 15:42:21.599917
914,2019110401003168,MEGA,34,33,639,189,120771.00,2019-11-04 15:42:21.599917
915,2019110401003169,SLBBL,37,43,30,559,16770.00,2019-11-04 15:42:21.599917
916,2019110401003170,IGI,5,38,100,288,28800.00,2019-11-04 15:42:21.599917
917,2019110401003171,IGI,5,19,480,288,138240.00,2019-11-04 15:42:21.599917
918,2019110401003172,IGI,5,34,80,288,23040.00,2019-11-04 15:42:21.599917
919,2019110401003173,RHPL,58,38,20,171,3420.00,2019-11-04 15:42:21.599917
920,2019110401003174,CZBIL,59,6,150,190,28500.00,2019-11-04 15:42:21.599917
921,2019110401003175,NBL,53,42,480,313,150240.00,2019-11-04 15:42:21.599917
922,2019110401003176,CZBIL,59,1,36,190,6840.00,2019-11-04 15:42:21.599917
923,2019110401003177,CZBIL,35,1,64,190,12160.00,2019-11-04 15:42:21.599917
924,2019110401003178,SKBBL,22,48,160,930,148800.00,2019-11-04 15:42:21.599917
925,2019110401003179,NIBPO,42,4,50,412,20600.00,2019-11-04 15:42:21.599917
926,2019110401003180,NIBPO,42,4,50,412,20600.00,2019-11-04 15:42:21.599917
927,2019110401003181,NIBPO,1,4,150,412,61800.00,2019-11-04 15:42:21.599917
928,2019110401003182,SLBSL,25,38,100,722,72200.00,2019-11-04 15:42:21.599917
929,2019110401003183,MHNL,40,22,30,78,2340.00,2019-11-04 15:42:21.599917
930,2019110401003184,UPPER,54,6,90,235,21150.00,2019-11-04 15:42:21.599917
931,2019110401003185,GBBL,46,6,575,223,128225.00,2019-11-04 15:42:21.599917
932,2019110401003186,GBBL,46,16,250,224,56000.00,2019-11-04 15:42:21.599917
933,2019110401003187,GBBL,46,39,150,224,33600.00,2019-11-04 15:42:21.599917
934,2019110401003188,GBBL,46,6,32,224,7168.00,2019-11-04 15:42:21.599917
935,2019110401003189,GBBL,46,41,471,224,105504.00,2019-11-04 15:42:21.599917
936,2019110401003190,GBBL,46,34,500,225,112500.00,2019-11-04 15:42:21.599917
937,2019110401003191,GBBL,46,37,272,225,61200.00,2019-11-04 15:42:21.599917
938,2019110401003192,NADEP,37,39,50,390,19500.00,2019-11-04 15:42:21.599917
939,2019110401003193,UPPER,54,6,200,235,47000.00,2019-11-04 15:42:21.599917
940,2019110401003147,NICA,13,14,500,398,199000.00,2019-11-04 15:42:21.599917
941,2019110401003148,SPARS,39,6,10,521,5210.00,2019-11-04 15:42:21.599917
942,2019110401003149,CLBSL,56,58,17,441,7497.00,2019-11-04 15:42:21.599917
943,2019110401003150,PCBL,17,57,100,263,26300.00,2019-11-04 15:42:21.599917
944,2019110401003151,SJCL,58,42,20,168,3360.00,2019-11-04 15:42:21.599917
945,2019110401003152,RHPL,58,38,20,171,3420.00,2019-11-04 15:42:21.599917
946,2019110401003153,CLBSL,11,57,54,445,24030.00,2019-11-04 15:42:21.599917
947,2019110401003154,SJCL,58,38,20,168,3360.00,2019-11-04 15:42:21.599917
948,2019110401003155,NBL,43,43,100,314,31400.00,2019-11-04 15:42:21.599917
949,2019110401003156,GUFL,6,50,100,112,11200.00,2019-11-04 15:42:21.599917
950,2019110401003157,NBL,35,42,20,313,6260.00,2019-11-04 15:42:21.599917
951,2019110401003158,SJCL,58,22,20,168,3360.00,2019-11-04 15:42:21.599917
952,2019110401003159,AKBSL,48,38,10,408,4080.00,2019-11-04 15:42:21.599917
953,2019110401003135,NBL,34,42,100,313,31300.00,2019-11-04 15:42:21.599917
954,2019110401003136,GLICL,35,58,100,349,34900.00,2019-11-04 15:42:21.599917
955,2019110401003137,NIB,38,6,229,442,101218.00,2019-11-04 15:42:21.599917
956,2019110401003138,SJCL,58,42,20,168,3360.00,2019-11-04 15:42:21.599917
957,2019110401003139,SKBBL,22,48,42,930,39060.00,2019-11-04 15:42:21.599917
958,2019110401003140,PRVU,17,57,100,268,26800.00,2019-11-04 15:42:21.599917
959,2019110401003141,NLICL,13,6,113,424,47912.00,2019-11-04 15:42:21.599917
960,2019110401003142,SJCL,58,42,20,168,3360.00,2019-11-04 15:42:21.599917
961,2019110401003143,BPCL,34,35,300,364,109200.00,2019-11-04 15:42:21.599917
962,2019110401003144,PRVU,38,57,500,268,134000.00,2019-11-04 15:42:21.599917
963,2019110401003145,SLBBL,21,43,20,559,11180.00,2019-11-04 15:42:21.599917
964,2019110401003146,NBL,34,42,100,313,31300.00,2019-11-04 15:42:21.599917
965,2019110401003125,AKBSL,48,42,10,408,4080.00,2019-11-04 15:42:21.599917
966,2019110401003126,NIB,45,21,10,442,4420.00,2019-11-04 15:42:21.599917
967,2019110401003127,LBBL,32,28,2531,171,432801.00,2019-11-04 15:42:21.599917
968,2019110401003128,ALBSL,51,34,10,386,3860.00,2019-11-04 15:42:21.599917
969,2019110401003129,NIB,45,6,140,442,61880.00,2019-11-04 15:42:21.599917
970,2019110401003130,GBBL,35,42,100,222,22200.00,2019-11-04 15:42:21.599917
971,2019110401003131,SKBBL,22,48,42,930,39060.00,2019-11-04 15:42:21.599917
972,2019110401003132,SJCL,58,42,20,168,3360.00,2019-11-04 15:42:21.599917
973,2019110401003133,GMFBS,33,34,10,457,4570.00,2019-11-04 15:42:21.599917
974,2019110401003134,CHCL,41,34,100,462,46200.00,2019-11-04 15:42:21.599917
975,2019110401003103,API,25,6,11,109,1199.00,2019-11-04 15:42:21.599917
976,2019110401003104,NHPC,20,58,40,53,2120.00,2019-11-04 15:42:21.599917
977,2019110401003105,SANIMA,52,6,16,305,4880.00,2019-11-04 15:42:21.599917
978,2019110401003106,SANIMA,38,6,50,305,15250.00,2019-11-04 15:42:21.599917
979,2019110401003107,SANIMA,50,6,100,305,30500.00,2019-11-04 15:42:21.599917
980,2019110401003108,SANIMA,32,6,50,305,15250.00,2019-11-04 15:42:21.599917
981,2019110401003109,NBB,25,8,776,207,160632.00,2019-11-04 15:42:21.599917
982,2019110401003110,NBB,21,8,224,207,46368.00,2019-11-04 15:42:21.599917
983,2019110401003111,CZBIL,35,14,200,190,38000.00,2019-11-04 15:42:21.599917
984,2019110401003112,NLG,16,25,10,547,5470.00,2019-11-04 15:42:21.599917
985,2019110401003113,PRVU,19,57,100,268,26800.00,2019-11-04 15:42:21.599917
986,2019110401003114,CZBIL,35,34,170,190,32300.00,2019-11-04 15:42:21.599917
987,2019110401003115,CZBIL,59,34,137,190,26030.00,2019-11-04 15:42:21.599917
988,2019110401003116,CZBIL,59,6,202,190,38380.00,2019-11-04 15:42:21.599917
989,2019110401003117,MBL,33,6,271,227,61517.00,2019-11-04 15:42:21.599917
990,2019110401003118,MBL,33,6,429,227,97383.00,2019-11-04 15:42:21.599917
991,2019110401003119,NABIL,49,39,238,768,182784.00,2019-11-04 15:42:21.599917
992,2019110401003120,NABIL,49,49,162,768,124416.00,2019-11-04 15:42:21.599917
993,2019110401003121,SJCL,58,42,20,168,3360.00,2019-11-04 15:42:21.599917
994,2019110401003122,KRBL,41,22,30,101,3030.00,2019-11-04 15:42:21.599917
995,2019110401003123,TMDBL,26,25,100,149,14900.00,2019-11-04 15:42:21.599917
996,2019110401003124,MNBBL,19,44,50,316,15800.00,2019-11-04 15:42:21.599917
997,2019110401003088,SJCL,58,37,20,168,3360.00,2019-11-04 15:42:21.599917
998,2019110401003089,BOKL,17,14,300,225,67500.00,2019-11-04 15:42:21.599917
999,2019110401003090,GLICL,3,44,64,348,22272.00,2019-11-04 15:42:21.599917
1000,2019110401003091,MLBL,35,41,25,212,5300.00,2019-11-04 15:42:21.599917
1001,2019110401003092,MLBL,35,32,108,212,22896.00,2019-11-04 15:42:21.599917
1002,2019110401003093,ILBS,48,52,10,438,4380.00,2019-11-04 15:42:21.599917
1003,2019110401003094,KBL,57,6,288,181,52128.00,2019-11-04 15:42:21.599917
1004,2019110401003095,KBL,47,6,80,181,14480.00,2019-11-04 15:42:21.599917
1005,2019110401003096,NIL,42,37,10,376,3760.00,2019-11-04 15:42:21.599917
1006,2019110401003097,SJCL,58,42,20,168,3360.00,2019-11-04 15:42:21.599917
1007,2019110401003098,UPPER,25,52,20,236,4720.00,2019-11-04 15:42:21.599917
1008,2019110401003099,JOSHI,34,52,20,59,1180.00,2019-11-04 15:42:21.599917
1009,2019110401003100,KBL,47,6,400,181,72400.00,2019-11-04 15:42:21.599917
1010,2019110401003101,SHPC,32,6,129,194,25026.00,2019-11-04 15:42:21.599917
1011,2019110401003102,TRH,33,44,10,281,2810.00,2019-11-04 15:42:21.599917
1012,2019110401003053,RHPL,58,42,40,171,6840.00,2019-11-04 15:42:21.599917
1013,2019110401003054,RHPL,58,52,20,171,3420.00,2019-11-04 15:42:21.599917
1014,2019110401003055,RHPL,58,52,30,171,5130.00,2019-11-04 15:42:21.599917
1015,2019110401003056,RHPL,58,47,40,171,6840.00,2019-11-04 15:42:21.599917
1016,2019110401003057,RHPL,58,42,40,171,6840.00,2019-11-04 15:42:21.599917
1017,2019110401003058,RHPL,58,25,40,172,6880.00,2019-11-04 15:42:21.599917
1018,2019110401003059,RHPL,58,25,40,172,6880.00,2019-11-04 15:42:21.599917
1019,2019110401003060,RHPL,58,25,40,172,6880.00,2019-11-04 15:42:21.599917
1020,2019110401003061,RHPL,58,55,20,172,3440.00,2019-11-04 15:42:21.599917
1021,2019110401003062,RHPL,58,52,50,172,8600.00,2019-11-04 15:42:21.599917
1022,2019110401003063,RHPL,58,29,40,172,6880.00,2019-11-04 15:42:21.599917
1023,2019110401003064,RHPL,58,29,40,172,6880.00,2019-11-04 15:42:21.599917
1024,2019110401003065,RHPL,58,45,40,172,6880.00,2019-11-04 15:42:21.599917
1025,2019110401003066,RHPL,58,56,50,172,8600.00,2019-11-04 15:42:21.599917
1026,2019110401003067,RHPL,58,14,30,172,5160.00,2019-11-04 15:42:21.599917
1027,2019110401003068,RHPL,58,49,40,172,6880.00,2019-11-04 15:42:21.599917
1028,2019110401003069,RHPL,58,21,600,172,103200.00,2019-11-04 15:42:21.599917
1029,2019110401003070,SJCL,58,37,20,168,3360.00,2019-11-04 15:42:21.599917
1030,2019110401003071,RHPL,58,39,250,172,43000.00,2019-11-04 15:42:21.599917
1031,2019110401003072,NABIL,37,39,100,768,76800.00,2019-11-04 15:42:21.599917
1032,2019110401003073,SAPDBL,55,34,63,120,7560.00,2019-11-04 15:42:21.599917
1033,2019110401003074,CZBIL,35,6,530,190,100700.00,2019-11-04 15:42:21.599917
1034,2019110401003075,NABIL,13,22,10,767,7670.00,2019-11-04 15:42:21.599917
1035,2019110401003076,SCB,44,41,10,555,5550.00,2019-11-04 15:42:21.599917
1036,2019110401003077,UPPER,54,20,10,235,2350.00,2019-11-04 15:42:21.599917
1037,2019110401003078,SJCL,58,47,20,169,3380.00,2019-11-04 15:42:21.599917
1038,2019110401003079,SJCL,58,45,20,169,3380.00,2019-11-04 15:42:21.599917
1039,2019110401003080,SJCL,58,14,20,169,3380.00,2019-11-04 15:42:21.599917
1040,2019110401003081,SJCL,58,25,20,169,3380.00,2019-11-04 15:42:21.599917
1041,2019110401003082,SJCL,58,34,20,168,3360.00,2019-11-04 15:42:21.599917
1042,2019110401003083,CZBIL,35,52,10,190,1900.00,2019-11-04 15:42:21.599917
1043,2019110401003084,RHPL,58,37,40,171,6840.00,2019-11-04 15:42:21.599917
1044,2019110401003085,NBL,58,6,100,313,31300.00,2019-11-04 15:42:21.599917
1045,2019110401003086,AHPC,53,21,15,95,1425.00,2019-11-04 15:42:21.599917
1046,2019110401003087,UPPER,54,34,50,235,11750.00,2019-11-04 15:42:21.599917
1047,2019110401003035,MNBBL,35,53,226,315,71190.00,2019-11-04 15:42:21.599917
1048,2019110401003036,LBL,45,25,50,221,11050.00,2019-11-04 15:42:21.599917
1049,2019110401003037,MLBL,57,41,13,213,2769.00,2019-11-04 15:42:21.599917
1050,2019110401003038,MLBL,29,41,20,213,4260.00,2019-11-04 15:42:21.599917
1051,2019110401003039,MLBL,29,41,357,212,75684.00,2019-11-04 15:42:21.599917
1052,2019110401003040,RHPL,54,37,40,170,6800.00,2019-11-04 15:42:21.599917
1053,2019110401003041,LBBL,8,6,100,171,17100.00,2019-11-04 15:42:21.599917
1054,2019110401003042,CHCL,42,59,100,465,46500.00,2019-11-04 15:42:21.599917
1055,2019110401003043,UNHPL,17,21,50,56,2800.00,2019-11-04 15:42:21.599917
1056,2019110401003044,SJCL,58,42,20,168,3360.00,2019-11-04 15:42:21.599917
1057,2019110401003045,SHPC,19,38,390,194,75660.00,2019-11-04 15:42:21.599917
1058,2019110401003046,SJCL,58,37,20,168,3360.00,2019-11-04 15:42:21.599917
1059,2019110401003047,API,25,22,93,110,10230.00,2019-11-04 15:42:21.599917
1060,2019110401003048,PMHPL,54,34,10,84,840.00,2019-11-04 15:42:21.599917
1061,2019110401003049,SRBL,18,49,100,209,20900.00,2019-11-04 15:42:21.599917
1062,2019110401003050,NICA,46,14,18,398,7164.00,2019-11-04 15:42:21.599917
1063,2019110401003051,RHPL,54,37,40,170,6800.00,2019-11-04 15:42:21.599917
1064,2019110401003052,RHPL,54,34,40,170,6800.00,2019-11-04 15:42:21.599917
1065,2019110401003000,MBL,33,6,49,227,11123.00,2019-11-04 15:42:21.599917
1066,2019110401003001,CHCL,25,10,15,464,6960.00,2019-11-04 15:42:21.599917
1067,2019110401003002,CBBL,34,17,15,970,14550.00,2019-11-04 15:42:21.599917
1068,2019110401003003,SJCL,58,37,20,168,3360.00,2019-11-04 15:42:21.599917
1069,2019110401003004,EIC,49,7,15,225,3375.00,2019-11-04 15:42:21.599917
1070,2019110401003005,ADBL,44,53,12,410,4920.00,2019-11-04 15:42:21.599917
1071,2019110401003006,SAPDBL,55,34,63,120,7560.00,2019-11-04 15:42:21.599917
1072,2019110401003007,SJCL,58,42,10,168,1680.00,2019-11-04 15:42:21.599917
1073,2019110401003008,NLICL,53,6,200,423,84600.00,2019-11-04 15:42:21.599917
1074,2019110401003009,NLICL,46,6,100,422,42200.00,2019-11-04 15:42:21.599917
1075,2019110401003010,NLICL,10,6,50,422,21100.00,2019-11-04 15:42:21.599917
1076,2019110401003011,NUBL,54,49,12,883,10596.00,2019-11-04 15:42:21.599917
1077,2019110401003012,CBBL,26,17,50,970,48500.00,2019-11-04 15:42:21.599917
1078,2019110401003013,HGI,5,45,40,264,10560.00,2019-11-04 15:42:21.599917
1079,2019110401003014,AKBSL,48,8,10,408,4080.00,2019-11-04 15:42:21.599917
1080,2019110401003015,CZBIL,49,28,100,191,19100.00,2019-11-04 15:42:21.599917
1081,2019110401003016,CHCL,42,10,35,464,16240.00,2019-11-04 15:42:21.599917
1082,2019110401003017,CHCL,42,59,65,465,30225.00,2019-11-04 15:42:21.599917
1083,2019110401003018,AKBSL,48,42,10,408,4080.00,2019-11-04 15:42:21.599917
1084,2019110401003019,RHPL,54,37,40,170,6800.00,2019-11-04 15:42:21.599917
1085,2019110401003020,SJCL,58,34,20,168,3360.00,2019-11-04 15:42:21.599917
1086,2019110401003021,API,36,25,916,108,98928.00,2019-11-04 15:42:21.599917
1087,2019110401003022,API,49,25,84,108,9072.00,2019-11-04 15:42:21.599917
1088,2019110401003023,MNBBL,26,44,200,316,63200.00,2019-11-04 15:42:21.599917
1089,2019110401003024,SJCL,58,37,20,168,3360.00,2019-11-04 15:42:21.599917
1090,2019110401003025,SJCL,58,42,20,168,3360.00,2019-11-04 15:42:21.599917
1091,2019110401003026,SJCL,32,47,20,169,3380.00,2019-11-04 15:42:21.599917
1092,2019110401003027,SJCL,32,25,20,169,3380.00,2019-11-04 15:42:21.599917
1093,2019110401003028,SJCL,32,25,20,169,3380.00,2019-11-04 15:42:21.599917
1094,2019110401003029,SJCL,32,55,10,169,1690.00,2019-11-04 15:42:21.599917
1095,2019110401003030,SJCL,32,52,205,169,34645.00,2019-11-04 15:42:21.599917
1096,2019110401003031,SJCL,32,54,20,169,3380.00,2019-11-04 15:42:21.599917
1097,2019110401003032,RSDC,28,36,100,330,33000.00,2019-11-04 15:42:21.599917
1098,2019110401003033,RSDC,28,33,100,331,33100.00,2019-11-04 15:42:21.599917
1099,2019110401003034,UPPER,54,34,50,235,11750.00,2019-11-04 15:42:21.599917
1100,2019110401002974,RHPC,41,58,165,76,12540.00,2019-11-04 15:42:21.599917
1101,2019110401002975,SANIMA,52,14,50,305,15250.00,2019-11-04 15:42:21.599917
1102,2019110401002976,NCCB,33,39,426,201,85626.00,2019-11-04 15:42:21.599917
1103,2019110401002977,RHPL,54,37,40,170,6800.00,2019-11-04 15:42:21.599917
1104,2019110401002978,SJCL,58,51,850,168,142800.00,2019-11-04 15:42:21.599917
1105,2019110401002979,NIL,49,44,248,375,93000.00,2019-11-04 15:42:21.599917
1106,2019110401002980,SJCL,29,37,20,167,3340.00,2019-11-04 15:42:21.599917
1107,2019110401002981,NHPC,20,21,50,53,2650.00,2019-11-04 15:42:21.599917
1108,2019110401002982,RHPL,54,34,30,170,5100.00,2019-11-04 15:42:21.599917
1109,2019110401002983,ADBL,44,19,50,410,20500.00,2019-11-04 15:42:21.599917
1110,2019110401002984,BPCL,36,59,50,365,18250.00,2019-11-04 15:42:21.599917
1111,2019110401002985,BPCL,36,22,440,365,160600.00,2019-11-04 15:42:21.599917
1112,2019110401002986,BPCL,36,28,436,367,160012.00,2019-11-04 15:42:21.599917
1113,2019110401002987,CHCL,41,59,200,465,93000.00,2019-11-04 15:42:21.599917
1114,2019110401002988,NICA,46,44,63,397,25011.00,2019-11-04 15:42:21.599917
1115,2019110401002989,CBL,29,51,700,142,99400.00,2019-11-04 15:42:21.599917
1116,2019110401002990,CBL,29,21,368,142,52256.00,2019-11-04 15:42:21.599917
1117,2019110401002991,CBL,29,25,463,142,65746.00,2019-11-04 15:42:21.599917
1118,2019110401002992,CBL,29,38,1062,142,150804.00,2019-11-04 15:42:21.599917
1119,2019110401002993,CBL,29,51,716,142,101672.00,2019-11-04 15:42:21.599917
1120,2019110401002994,SJCL,58,51,20,168,3360.00,2019-11-04 15:42:21.599917
1121,2019110401002995,RHPL,54,37,40,170,6800.00,2019-11-04 15:42:21.599917
1122,2019110401002996,BPCL,36,35,74,367,27158.00,2019-11-04 15:42:21.599917
1123,2019110401002997,SFFIL,55,21,30,189,5670.00,2019-11-04 15:42:21.599917
1124,2019110401002998,GLICL,49,44,150,348,52200.00,2019-11-04 15:42:21.599917
1125,2019110401002999,GLICL,34,44,100,348,34800.00,2019-11-04 15:42:21.599917
1126,2019110401002950,ADBL,39,42,3000,411,1233000.00,2019-11-04 15:42:21.599917
1127,2019110401002951,ICFC,8,46,46,162,7452.00,2019-11-04 15:42:21.599917
1128,2019110401002952,SJCL,58,37,10,168,1680.00,2019-11-04 15:42:21.599917
1129,2019110401002953,RHPL,54,38,40,170,6800.00,2019-11-04 15:42:21.599917
1130,2019110401002954,NICA,46,49,70,397,27790.00,2019-11-04 15:42:21.599917
1131,2019110401002955,MSLB,16,11,18,852,15336.00,2019-11-04 15:42:21.599917
1132,2019110401002956,ADBL,38,42,25,411,10275.00,2019-11-04 15:42:21.599917
1133,2019110401002957,SIC,6,45,100,453,45300.00,2019-11-04 15:42:21.599917
1134,2019110401002958,SIC,6,35,100,455,45500.00,2019-11-04 15:42:21.599917
1135,2019110401002959,CIT,11,48,20,1775,35500.00,2019-11-04 15:42:21.599917
1136,2019110401002960,CIT,41,48,10,1772,17720.00,2019-11-04 15:42:21.599917
1137,2019110401002961,CIT,48,48,30,1772,53160.00,2019-11-04 15:42:21.599917
1138,2019110401002962,CIT,38,48,10,1772,17720.00,2019-11-04 15:42:21.599917
1139,2019110401002963,CIT,6,48,10,1771,17710.00,2019-11-04 15:42:21.599917
1140,2019110401002964,CIT,32,48,20,1771,35420.00,2019-11-04 15:42:21.599917
1141,2019110401002965,SLBBL,36,43,100,559,55900.00,2019-11-04 15:42:21.599917
1142,2019110401002966,UPPER,54,37,50,235,11750.00,2019-11-04 15:42:21.599917
1143,2019110401002967,PRVU,6,44,350,268,93800.00,2019-11-04 15:42:21.599917
1144,2019110401002968,PRVU,6,57,650,268,174200.00,2019-11-04 15:42:21.599917
1145,2019110401002969,RHPL,54,37,40,170,6800.00,2019-11-04 15:42:21.599917
1146,2019110401002970,UPPER,25,52,19,236,4484.00,2019-11-04 15:42:21.599917
1147,2019110401002971,CHCL,5,59,100,465,46500.00,2019-11-04 15:42:21.599917
1148,2019110401002972,SJCL,58,37,10,168,1680.00,2019-11-04 15:42:21.599917
1149,2019110401002973,NCCB,33,39,20,201,4020.00,2019-11-04 15:42:21.599917
1150,2019110401002931,PCBL,45,42,54,261,14094.00,2019-11-04 15:42:21.599917
1151,2019110401002932,PCBL,22,42,46,261,12006.00,2019-11-04 15:42:21.599917
1152,2019110401002933,RHPL,54,38,40,170,6800.00,2019-11-04 15:42:21.599917
1153,2019110401002934,MBL,36,11,30,228,6840.00,2019-11-04 15:42:21.599917
1154,2019110401002935,MBL,36,39,170,229,38930.00,2019-11-04 15:42:21.599917
1155,2019110401002936,RHPL,54,37,40,170,6800.00,2019-11-04 15:42:21.599917
1156,2019110401002937,ILBS,48,40,10,438,4380.00,2019-11-04 15:42:21.599917
1157,2019110401002938,ADBL,39,42,2000,411,822000.00,2019-11-04 15:42:21.599917
1158,2019110401002939,BFC,16,16,38,92,3496.00,2019-11-04 15:42:21.599917
1159,2019110401002940,AKPL,25,59,20,130,2600.00,2019-11-04 15:42:21.599917
1160,2019110401002941,RHPL,54,38,40,170,6800.00,2019-11-04 15:42:21.599917
1161,2019110401002942,PRVU,43,44,300,268,80400.00,2019-11-04 15:42:21.599917
1162,2019110401002943,SJCL,58,37,20,168,3360.00,2019-11-04 15:42:21.599917
1163,2019110401002944,MERO,49,35,100,564,56400.00,2019-11-04 15:42:21.599917
1164,2019110401002945,RHPL,54,38,50,170,8500.00,2019-11-04 15:42:21.599917
1165,2019110401002946,MEGA,18,57,100,190,19000.00,2019-11-04 15:42:21.599917
1166,2019110401002947,PRVU,45,46,21,267,5607.00,2019-11-04 15:42:21.599917
1167,2019110401002948,RHPL,54,37,40,170,6800.00,2019-11-04 15:42:21.599917
1168,2019110401002949,RHPL,54,38,40,170,6800.00,2019-11-04 15:42:21.599917
1169,2019110401002883,NEF,57,41,1110,7.52,8347.20,2019-11-04 15:42:21.599917
1170,2019110401002884,SJCL,58,43,20,168,3360.00,2019-11-04 15:42:21.599917
1171,2019110401002885,SJCL,58,26,20,168,3360.00,2019-11-04 15:42:21.599917
1172,2019110401002886,RHPL,16,40,15,169,2535.00,2019-11-04 15:42:21.599917
1173,2019110401002887,HIDCL,51,38,61,136,8296.00,2019-11-04 15:42:21.599917
1174,2019110401002888,SJCL,58,34,20,168,3360.00,2019-11-04 15:42:21.599917
1175,2019110401002889,GBLBS,8,19,15,307,4605.00,2019-11-04 15:42:21.599917
1176,2019110401002890,CHCL,25,53,50,464,23200.00,2019-11-04 15:42:21.599917
1177,2019110401002891,SJCL,58,46,10,168,1680.00,2019-11-04 15:42:21.599917
1178,2019110401002892,RHPL,45,38,40,169,6760.00,2019-11-04 15:42:21.599917
1179,2019110401002893,NIB,36,40,200,443,88600.00,2019-11-04 15:42:21.599917
1180,2019110401002894,RHPL,45,37,40,169,6760.00,2019-11-04 15:42:21.599917
1181,2019110401002895,NBL,51,42,100,313,31300.00,2019-11-04 15:42:21.599917
1182,2019110401002896,NBL,51,37,76,313,23788.00,2019-11-04 15:42:21.599917
1183,2019110401002897,NBL,11,37,100,313,31300.00,2019-11-04 15:42:21.599917
1184,2019110401002898,NBL,47,37,100,313,31300.00,2019-11-04 15:42:21.599917
1185,2019110401002899,NBL,49,37,300,313,93900.00,2019-11-04 15:42:21.599917
1186,2019110401002900,NBL,19,37,300,313,93900.00,2019-11-04 15:42:21.599917
1187,2019110401002901,NBL,47,37,160,313,50080.00,2019-11-04 15:42:21.599917
1188,2019110401002902,NBL,28,37,500,313,156500.00,2019-11-04 15:42:21.599917
1189,2019110401002903,NBL,42,37,300,313,93900.00,2019-11-04 15:42:21.599917
1190,2019110401002904,NBL,4,37,500,313,156500.00,2019-11-04 15:42:21.599917
1191,2019110401002905,NBL,26,37,50,313,15650.00,2019-11-04 15:42:21.599917
1192,2019110401002906,NBL,56,37,50,313,15650.00,2019-11-04 15:42:21.599917
1193,2019110401002907,NBL,48,37,1000,313,313000.00,2019-11-04 15:42:21.599917
1194,2019110401002908,NBL,14,37,100,313,31300.00,2019-11-04 15:42:21.599917
1195,2019110401002909,NBL,38,37,176,313,55088.00,2019-11-04 15:42:21.599917
1196,2019110401002910,CHCL,25,10,20,465,9300.00,2019-11-04 15:42:21.599917
1197,2019110401002911,PCBL,17,28,10,262,2620.00,2019-11-04 15:42:21.599917
1198,2019110401002912,PCBL,26,28,14,261,3654.00,2019-11-04 15:42:21.599917
1199,2019110401002913,PCBL,45,28,46,261,12006.00,2019-11-04 15:42:21.599917
1200,2019110401002914,JOSHI,33,7,10,59,590.00,2019-11-04 15:42:21.599917
1201,2019110401002915,JOSHI,34,7,10,59,590.00,2019-11-04 15:42:21.599917
1202,2019110401002916,RHPL,45,38,50,169,8450.00,2019-11-04 15:42:21.599917
1203,2019110401002917,UPPER,54,34,50,235,11750.00,2019-11-04 15:42:21.599917
1204,2019110401002918,SRBL,39,38,907,209,189563.00,2019-11-04 15:42:21.599917
1205,2019110401002919,SRBL,39,17,188,209,39292.00,2019-11-04 15:42:21.599917
1206,2019110401002920,SJCL,58,37,20,168,3360.00,2019-11-04 15:42:21.599917
1207,2019110401002921,SJCL,58,40,20,168,3360.00,2019-11-04 15:42:21.599917
1208,2019110401002922,RHPL,45,38,40,169,6760.00,2019-11-04 15:42:21.599917
1209,2019110401002923,NBL,25,37,213,313,66669.00,2019-11-04 15:42:21.599917
1210,2019110401002924,BOKL,17,50,100,225,22500.00,2019-11-04 15:42:21.599917
1211,2019110401002925,API,41,25,116,108,12528.00,2019-11-04 15:42:21.599917
1212,2019110401002926,API,58,25,300,108,32400.00,2019-11-04 15:42:21.599917
1213,2019110401002927,API,36,25,84,108,9072.00,2019-11-04 15:42:21.599917
1214,2019110401002928,SABSL,36,40,10,454,4540.00,2019-11-04 15:42:21.599917
1215,2019110401002929,PRVU,36,44,200,268,53600.00,2019-11-04 15:42:21.599917
1216,2019110401002930,RHPL,54,38,50,170,8500.00,2019-11-04 15:42:21.599917
1217,2019110401002851,SJCL,29,37,20,167,3340.00,2019-11-04 15:42:21.599917
1218,2019110401002852,NIB,45,40,300,443,132900.00,2019-11-04 15:42:21.599917
1219,2019110401002853,RHPL,16,38,50,169,8450.00,2019-11-04 15:42:21.599917
1220,2019110401002854,RHPL,16,20,40,169,6760.00,2019-11-04 15:42:21.599917
1221,2019110401002855,RHPL,26,26,40,170,6800.00,2019-11-04 15:42:21.599917
1222,2019110401002856,NABIL,42,58,90,765,68850.00,2019-11-04 15:42:21.599917
1223,2019110401002857,RHPL,16,38,40,169,6760.00,2019-11-04 15:42:21.599917
1224,2019110401002858,SLBSL,19,37,15,725,10875.00,2019-11-04 15:42:21.599917
1225,2019110401002859,SLBSL,19,7,10,726,7260.00,2019-11-04 15:42:21.599917
1226,2019110401002860,NABIL,45,58,91,765,69615.00,2019-11-04 15:42:21.599917
1227,2019110401002861,SJCL,26,43,20,168,3360.00,2019-11-04 15:42:21.599917
1228,2019110401002862,SJCL,29,20,20,167,3340.00,2019-11-04 15:42:21.599917
1229,2019110401002863,RHPL,16,38,40,169,6760.00,2019-11-04 15:42:21.599917
1230,2019110401002864,RADHI,13,34,11,133,1463.00,2019-11-04 15:42:21.599917
1231,2019110401002865,SLBBL,37,32,100,558,55800.00,2019-11-04 15:42:21.599917
1232,2019110401002866,SABSL,42,10,265,453,120045.00,2019-11-04 15:42:21.599917
1233,2019110401002867,UPPER,42,29,243,235,57105.00,2019-11-04 15:42:21.599917
1234,2019110401002868,UPPER,42,34,150,235,35250.00,2019-11-04 15:42:21.599917
1235,2019110401002869,UPPER,42,36,200,235,47000.00,2019-11-04 15:42:21.599917
1236,2019110401002870,JOSHI,33,42,10,59,590.00,2019-11-04 15:42:21.599917
1237,2019110401002871,RMDC,39,45,100,615,61500.00,2019-11-04 15:42:21.599917
1238,2019110401002872,UPPER,41,19,50,234,11700.00,2019-11-04 15:42:21.599917
1239,2019110401002873,FMDBL,32,14,500,308,154000.00,2019-11-04 15:42:21.599917
1240,2019110401002874,CHCL,55,53,50,464,23200.00,2019-11-04 15:42:21.599917
1241,2019110401002875,NBL,51,42,100,313,31300.00,2019-11-04 15:42:21.599917
1242,2019110401002876,RHPL,16,38,40,169,6760.00,2019-11-04 15:42:21.599917
1243,2019110401002877,SABSL,42,32,10,453,4530.00,2019-11-04 15:42:21.599917
1244,2019110401002878,RHPL,16,34,30,169,5070.00,2019-11-04 15:42:21.599917
1245,2019110401002879,SPARS,56,16,10,520,5200.00,2019-11-04 15:42:21.599917
1246,2019110401002880,SBL,36,22,200,292,58400.00,2019-11-04 15:42:21.599917
1247,2019110401002881,PIC,57,34,11,358,3938.00,2019-11-04 15:42:21.599917
1248,2019110401002882,RHPL,16,38,10,169,1690.00,2019-11-04 15:42:21.599917
1249,2019110401002826,RHPL,40,37,40,169,6760.00,2019-11-04 15:42:21.599917
1250,2019110401002827,EBL,58,38,10,559,5590.00,2019-11-04 15:42:21.599917
1251,2019110401002828,RHPL,40,38,40,169,6760.00,2019-11-04 15:42:21.599917
1252,2019110401002829,BFC,58,33,100,91,9100.00,2019-11-04 15:42:21.599917
1253,2019110401002830,NLICL,41,42,48,425,20400.00,2019-11-04 15:42:21.599917
1254,2019110401002831,SCB,44,42,159,555,88245.00,2019-11-04 15:42:21.599917
1255,2019110401002832,SCB,44,42,284,555,157620.00,2019-11-04 15:42:21.599917
1256,2019110401002833,NCCB,33,39,10,201,2010.00,2019-11-04 15:42:21.599917
1257,2019110401002834,SJCL,29,37,20,167,3340.00,2019-11-04 15:42:21.599917
1258,2019110401002835,SJCL,29,40,20,167,3340.00,2019-11-04 15:42:21.599917
1259,2019110401002836,RHPL,40,38,25,169,4225.00,2019-11-04 15:42:21.599917
1260,2019110401002837,RHPL,16,38,15,169,2535.00,2019-11-04 15:42:21.599917
1261,2019110401002838,NLIC,38,34,22,793,17446.00,2019-11-04 15:42:21.599917
1262,2019110401002839,RHPL,16,38,40,169,6760.00,2019-11-04 15:42:21.599917
1263,2019110401002840,RHPL,16,37,40,169,6760.00,2019-11-04 15:42:21.599917
1264,2019110401002841,NCCB,33,39,20,201,4020.00,2019-11-04 15:42:21.599917
1265,2019110401002842,BPCL,11,42,10,362,3620.00,2019-11-04 15:42:21.599917
1266,2019110401002843,BPCL,7,42,39,361,14079.00,2019-11-04 15:42:21.599917
1267,2019110401002844,RHPL,16,38,40,169,6760.00,2019-11-04 15:42:21.599917
1268,2019110401002845,PPCL,45,20,10,96,960.00,2019-11-04 15:42:21.599917
1269,2019110401002846,MDB,58,19,50,242,12100.00,2019-11-04 15:42:21.599917
1270,2019110401002847,SJCL,29,26,20,167,3340.00,2019-11-04 15:42:21.599917
1271,2019110401002848,UPPER,41,19,50,234,11700.00,2019-11-04 15:42:21.599917
1272,2019110401002849,PMHPL,54,34,10,84,840.00,2019-11-04 15:42:21.599917
1273,2019110401002850,ILBS,29,42,10,440,4400.00,2019-11-04 15:42:21.599917
1274,2019110401002800,RHPL,59,38,20,169,3380.00,2019-11-04 15:42:21.599917
1275,2019110401002801,RHPL,6,38,20,169,3380.00,2019-11-04 15:42:21.599917
1276,2019110401002802,MBL,33,43,50,227,11350.00,2019-11-04 15:42:21.599917
1277,2019110401002803,ALBSL,17,39,100,388,38800.00,2019-11-04 15:42:21.599917
1278,2019110401002804,BOKL,17,55,47,225,10575.00,2019-11-04 15:42:21.599917
1279,2019110401002805,BOKL,21,55,20,225,4500.00,2019-11-04 15:42:21.599917
1280,2019110401002806,BOKL,17,55,150,225,33750.00,2019-11-04 15:42:21.599917
1281,2019110401002807,BOKL,17,55,283,225,63675.00,2019-11-04 15:42:21.599917
1282,2019110401002808,SJCL,29,32,20,167,3340.00,2019-11-04 15:42:21.599917
1283,2019110401002809,RHPL,6,37,30,169,5070.00,2019-11-04 15:42:21.599917
1284,2019110401002810,RHPL,40,37,10,169,1690.00,2019-11-04 15:42:21.599917
1285,2019110401002811,SJCL,29,40,20,167,3340.00,2019-11-04 15:42:21.599917
1286,2019110401002812,GBLBS,8,51,500,309,154500.00,2019-11-04 15:42:21.599917
1287,2019110401002813,RHPL,40,38,40,169,6760.00,2019-11-04 15:42:21.599917
1288,2019110401002814,SJCL,29,32,20,167,3340.00,2019-11-04 15:42:21.599917
1289,2019110401002815,NCCB,33,39,24,201,4824.00,2019-11-04 15:42:21.599917
1290,2019110401002816,ICFC,8,19,430,162,69660.00,2019-11-04 15:42:21.599917
1291,2019110401002817,SJCL,29,37,20,167,3340.00,2019-11-04 15:42:21.599917
1292,2019110401002818,RHPL,40,38,40,169,6760.00,2019-11-04 15:42:21.599917
1293,2019110401002819,CBL,17,55,58,141,8178.00,2019-11-04 15:42:21.599917
1294,2019110401002820,CBL,26,55,300,141,42300.00,2019-11-04 15:42:21.599917
1295,2019110401002821,CBL,6,55,142,141,20022.00,2019-11-04 15:42:21.599917
1296,2019110401002822,RMDC,38,42,47,611,28717.00,2019-11-04 15:42:21.599917
1297,2019110401002823,RHPL,40,40,20,169,3380.00,2019-11-04 15:42:21.599917
1298,2019110401002824,GIMES1,19,42,4500,7.1,31950.00,2019-11-04 15:42:21.599917
1299,2019110401002825,RHPL,40,38,40,169,6760.00,2019-11-04 15:42:21.599917
1300,2019110401002781,SABSL,42,40,10,453,4530.00,2019-11-04 15:42:21.599917
1301,2019110401002782,EBL,49,38,100,555,55500.00,2019-11-04 15:42:21.599917
1302,2019110401002783,AKBSL,48,40,10,408,4080.00,2019-11-04 15:42:21.599917
1303,2019110401002784,NBB,25,53,90,208,18720.00,2019-11-04 15:42:21.599917
1304,2019110401002785,RHPL,59,37,40,169,6760.00,2019-11-04 15:42:21.599917
1305,2019110401002786,PRVU,47,44,500,268,134000.00,2019-11-04 15:42:21.599917
1306,2019110401002787,RHPL,59,32,50,169,8450.00,2019-11-04 15:42:21.599917
1307,2019110401002788,SDESI,25,43,10,628,6280.00,2019-11-04 15:42:21.599917
1308,2019110401002789,SDESI,25,43,10,630,6300.00,2019-11-04 15:42:21.599917
1309,2019110401002790,SHINE,41,40,10,255,2550.00,2019-11-04 15:42:21.599917
1310,2019110401002791,HIDCL,33,42,18,135,2430.00,2019-11-04 15:42:21.599917
1311,2019110401002792,SJCL,29,37,20,167,3340.00,2019-11-04 15:42:21.599917
1312,2019110401002793,RHPL,59,32,40,169,6760.00,2019-11-04 15:42:21.599917
1313,2019110401002794,SANIMA,48,19,50,305,15250.00,2019-11-04 15:42:21.599917
1314,2019110401002795,SANIMA,45,19,100,305,30500.00,2019-11-04 15:42:21.599917
1315,2019110401002796,SANIMA,26,19,100,305,30500.00,2019-11-04 15:42:21.599917
1316,2019110401002797,SANIMA,52,19,134,305,40870.00,2019-11-04 15:42:21.599917
1317,2019110401002798,CZBIL,51,28,100,191,19100.00,2019-11-04 15:42:21.599917
1318,2019110401002799,RHPL,59,40,20,169,3380.00,2019-11-04 15:42:21.599917
1319,2019110401002735,SJCL,29,37,20,167,3340.00,2019-11-04 15:42:21.599917
1320,2019110401002736,CHCL,22,49,10,460,4600.00,2019-11-04 15:42:21.599917
1321,2019110401002737,NABIL,28,58,381,765,291465.00,2019-11-04 15:42:21.599917
1322,2019110401002738,SHPC,34,38,10,194,1940.00,2019-11-04 15:42:21.599917
1323,2019110401002739,DBBL,57,7,50,124,6200.00,2019-11-04 15:42:21.599917
1324,2019110401002740,DBBL,38,7,950,124,117800.00,2019-11-04 15:42:21.599917
1325,2019110401002741,EIC,49,7,85,225,19125.00,2019-11-04 15:42:21.599917
1326,2019110401002742,NIL,49,16,150,375,56250.00,2019-11-04 15:42:21.599917
