S.N,Contract_No,Stock_Symbol,Buyer_Broker,Seller_Broker,Quantity,Rate,Amount,Date
1,2019110501003906,EBL,53,58,80,557,44560.00,2019-11-06 08:20:42.914023
2,2019110501003907,FOWAD,33,33,10,1330,13300.00,2019-11-06 08:20:42.914023
3,2019110501003908,GILB,22,34,72,870,62640.00,2019-11-06 08:20:42.914023
4,2019110501003909,MERO,22,57,10,562,5620.00,2019-11-06 08:20:42.914023
5,2019110501003910,MERO,45,57,50,562,28100.00,2019-11-06 08:20:42.914023
6,2019110501003911,SHIVM,53,52,150,484,72600.00,2019-11-06 08:20:42.914023
7,2019110501003912,SPDL,45,45,10,72,720.00,2019-11-06 08:20:42.914023
8,2019110501003913,NLICL,52,53,10,425,4250.00,2019-11-06 08:20:42.914023
9,2019110501003914,MSLB,39,36,26,855,22230.00,2019-11-06 08:20:42.914023
10,2019110501003915,GBLBS,14,51,15,310,4650.00,2019-11-06 08:20:42.914023
11,2019110501003916,SANIMA,4,11,334,304,101536.00,2019-11-06 08:20:42.914023
12,2019110501003917,PPCL,39,58,140,97,13580.00,2019-11-06 08:20:42.914023
13,2019110501003918,CBL,40,22,120,142,17040.00,2019-11-06 08:20:42.914023
14,2019110501003919,NLICL,42,53,100,422,42200.00,2019-11-06 08:20:42.914023
15,2019110501003920,NLICL,28,53,100,421,42100.00,2019-11-06 08:20:42.914023
16,2019110501003921,NLICL,58,53,20,421,8420.00,2019-11-06 08:20:42.914023
17,2019110501003922,NLICL,1,53,50,420,21000.00,2019-11-06 08:20:42.914023
18,2019110501003923,NLICL,6,53,541,420,227220.00,2019-11-06 08:20:42.914023
19,2019110501003924,MERO,6,35,50,563,28150.00,2019-11-06 08:20:42.914023
20,2019110501003925,ICFC,8,25,100,160,16000.00,2019-11-06 08:20:42.914023
21,2019110501003926,NBL,33,22,20,315,6300.00,2019-11-06 08:20:42.914023
22,2019110501003927,MERO,32,41,30,562,16860.00,2019-11-06 08:20:42.914023
23,2019110501003928,MERO,25,41,30,562,16860.00,2019-11-06 08:20:42.914023
24,2019110501003929,CLBSL,17,45,20,470,9400.00,2019-11-06 08:20:42.914023
25,2019110501003930,MLBL,40,57,173,211,36503.00,2019-11-06 08:20:42.914023
26,2019110501003931,MLBL,1,57,300,211,63300.00,2019-11-06 08:20:42.914023
27,2019110501003932,MLBL,14,57,27,211,5697.00,2019-11-06 08:20:42.914023
28,2019110501003933,NCCB,44,54,500,204,102000.00,2019-11-06 08:20:42.914023
29,2019110501003934,NABIL,58,44,10,770,7700.00,2019-11-06 08:20:42.914023
30,2019110501003935,CHCL,58,39,19,456,8664.00,2019-11-06 08:20:42.914023
31,2019110501003936,CHCL,58,39,31,458,14198.00,2019-11-06 08:20:42.914023
32,2019110501003937,NLICL,22,35,10,431,4310.00,2019-11-06 08:20:42.914023
33,2019110501003938,SRBL,39,7,1598,208,332384.00,2019-11-06 08:20:42.914023
34,2019110501003939,SRBL,14,7,100,208,20800.00,2019-11-06 08:20:42.914023
35,2019110501003940,SRBL,51,7,802,208,166816.00,2019-11-06 08:20:42.914023
36,2019110501003941,GRDBL,43,57,10,104,1040.00,2019-11-06 08:20:42.914023
37,2019110501003942,SICL,4,34,30,728,21840.00,2019-11-06 08:20:42.914023
38,2019110501003943,SICL,20,34,70,727,50890.00,2019-11-06 08:20:42.914023
39,2019110501003944,SWBBL,33,47,20,909,18180.00,2019-11-06 08:20:42.914023
40,2019110501003945,MBL,36,7,100,229,22900.00,2019-11-06 08:20:42.914023
41,2019110501003946,MEGA,32,36,68,187,12716.00,2019-11-06 08:20:42.914023
42,2019110501003947,BOKL,52,33,479,226,108254.00,2019-11-06 08:20:42.914023
43,2019110501003948,BOKL,29,33,21,226,4746.00,2019-11-06 08:20:42.914023
44,2019110501003949,SCB,50,8,50,561,28050.00,2019-11-06 08:20:42.914023
45,2019110501003950,SCB,50,55,10,562,5620.00,2019-11-06 08:20:42.914023
46,2019110501003951,MERO,39,6,100,561,56100.00,2019-11-06 08:20:42.914023
47,2019110501003952,FMDBL,21,51,300,308,92400.00,2019-11-06 08:20:42.914023
48,2019110501003953,FMDBL,52,51,200,308,61600.00,2019-11-06 08:20:42.914023
49,2019110501003954,FMDBL,51,51,130,308,40040.00,2019-11-06 08:20:42.914023
50,2019110501003955,PRVU,21,34,500,267,133500.00,2019-11-06 08:20:42.914023
51,2019110501003956,MSLB,39,25,50,855,42750.00,2019-11-06 08:20:42.914023
52,2019110501003957,SLBBL,32,43,150,569,85350.00,2019-11-06 08:20:42.914023
53,2019110501003958,SLBBL,32,36,200,570,114000.00,2019-11-06 08:20:42.914023
54,2019110501003959,PRVU,38,34,100,267,26700.00,2019-11-06 08:20:42.914023
55,2019110501003960,MERO,45,6,88,561,49368.00,2019-11-06 08:20:42.914023
56,2019110501003961,MERO,45,41,107,562,60134.00,2019-11-06 08:20:42.914023
57,2019110501003962,HDL,58,38,10,1538,15380.00,2019-11-06 08:20:42.914023
58,2019110501003963,HDL,58,32,40,1539,61560.00,2019-11-06 08:20:42.914023
59,2019110501003964,PCBL,44,44,7230,260,1879800.00,2019-11-06 08:20:42.914023
60,2019110501003965,FMDBL,57,41,10,312,3120.00,2019-11-06 08:20:42.914023
61,2019110501003966,FOWAD,41,45,10,1327,13270.00,2019-11-06 08:20:42.914023
62,2019110501003967,SCB,50,22,40,563,22520.00,2019-11-06 08:20:42.914023
63,2019110501003968,PRVU,21,34,72,267,19224.00,2019-11-06 08:20:42.914023
64,2019110501003969,SHIVM,48,21,10,485,4850.00,2019-11-06 08:20:42.914023
65,2019110501003970,GMFBS,10,28,10,460,4600.00,2019-11-06 08:20:42.914023
66,2019110501003971,NCCB,58,17,17,205,3485.00,2019-11-06 08:20:42.914023
67,2019110501003972,NCCB,58,58,10,205,2050.00,2019-11-06 08:20:42.914023
68,2019110501003973,NCCB,58,57,13,206,2678.00,2019-11-06 08:20:42.914023
69,2019110501003867,GBLBS,14,45,15,310,4650.00,2019-11-06 08:20:42.914023
70,2019110501003868,MLBL,33,4,468,211,98748.00,2019-11-06 08:20:42.914023
71,2019110501003869,MLBL,40,4,327,211,68997.00,2019-11-06 08:20:42.914023
72,2019110501003870,MERO,37,51,100,564,56400.00,2019-11-06 08:20:42.914023
73,2019110501003871,FOWAD,41,25,100,1327,132700.00,2019-11-06 08:20:42.914023
74,2019110501003872,MEGA,43,14,10,189,1890.00,2019-11-06 08:20:42.914023
75,2019110501003873,NLIC,38,19,178,795,141510.00,2019-11-06 08:20:42.914023
76,2019110501003874,NLIC,36,19,72,795,57240.00,2019-11-06 08:20:42.914023
77,2019110501003875,JFL,41,3,50,195,9750.00,2019-11-06 08:20:42.914023
78,2019110501003876,NICA,38,54,64,397,25408.00,2019-11-06 08:20:42.914023
79,2019110501003877,NICA,29,54,436,397,173092.00,2019-11-06 08:20:42.914023
80,2019110501003878,SLBBL,58,58,865,567,490455.00,2019-11-06 08:20:42.914023
81,2019110501003879,BPCL,33,17,11,368,4048.00,2019-11-06 08:20:42.914023
82,2019110501003880,BPCL,33,58,22,369,8118.00,2019-11-06 08:20:42.914023
83,2019110501003881,MEGA,36,33,488,188,91744.00,2019-11-06 08:20:42.914023
84,2019110501003882,SRBL,52,7,400,209,83600.00,2019-11-06 08:20:42.914023
85,2019110501003883,KBL,45,52,100,182,18200.00,2019-11-06 08:20:42.914023
86,2019110501003884,KBL,45,17,300,182,54600.00,2019-11-06 08:20:42.914023
87,2019110501003885,HDL,35,48,200,1521,304200.00,2019-11-06 08:20:42.914023
88,2019110501003886,HDL,58,48,50,1520,76000.00,2019-11-06 08:20:42.914023
89,2019110501003887,SJCL,52,51,100,168,16800.00,2019-11-06 08:20:42.914023
90,2019110501003888,SJCL,16,51,500,168,84000.00,2019-11-06 08:20:42.914023
91,2019110501003889,HBL,44,6,268,494,132392.00,2019-11-06 08:20:42.914023
92,2019110501003890,HBL,1,6,41,493,20213.00,2019-11-06 08:20:42.914023
93,2019110501003891,HBL,22,6,50,493,24650.00,2019-11-06 08:20:42.914023
94,2019110501003892,HBL,14,6,100,493,49300.00,2019-11-06 08:20:42.914023
95,2019110501003893,HBL,28,6,75,493,36975.00,2019-11-06 08:20:42.914023
96,2019110501003894,HBL,34,6,300,492,147600.00,2019-11-06 08:20:42.914023
97,2019110501003895,PRIN,11,22,174,312,54288.00,2019-11-06 08:20:42.914023
98,2019110501003896,MLBL,19,17,100,212,21200.00,2019-11-06 08:20:42.914023
99,2019110501003897,ADBL,34,10,200,416,83200.00,2019-11-06 08:20:42.914023
100,2019110501003898,GILB,35,25,10,867,8670.00,2019-11-06 08:20:42.914023
101,2019110501003899,PFL,20,55,351,134,47034.00,2019-11-06 08:20:42.914023
102,2019110501003900,PFL,53,55,298,134,39932.00,2019-11-06 08:20:42.914023
103,2019110501003901,NBL,43,22,10,315,3150.00,2019-11-06 08:20:42.914023
104,2019110501003902,FOWAD,41,39,19,1327,25213.00,2019-11-06 08:20:42.914023
105,2019110501003903,MERO,49,6,74,562,41588.00,2019-11-06 08:20:42.914023
106,2019110501003904,MEGA,32,33,12,187,2244.00,2019-11-06 08:20:42.914023
107,2019110501003905,NBL,58,22,100,314,31400.00,2019-11-06 08:20:42.914023
108,2019110501003806,VLBS,42,45,100,568,56800.00,2019-11-06 08:20:42.914023
109,2019110501003807,SABSL,16,3,10,445,4450.00,2019-11-06 08:20:42.914023
110,2019110501003808,BPCL,28,39,11,364,4004.00,2019-11-06 08:20:42.914023
111,2019110501003809,PLIC,53,38,200,311,62200.00,2019-11-06 08:20:42.914023
112,2019110501003810,PLIC,5,38,50,310,15500.00,2019-11-06 08:20:42.914023
113,2019110501003811,PLIC,14,38,184,310,57040.00,2019-11-06 08:20:42.914023
114,2019110501003812,PLIC,11,38,666,310,206460.00,2019-11-06 08:20:42.914023
115,2019110501003813,HURJA,1,51,20,102,2040.00,2019-11-06 08:20:42.914023
116,2019110501003814,SABSL,38,3,10,445,4450.00,2019-11-06 08:20:42.914023
117,2019110501003815,LGIL,7,58,22,318,6996.00,2019-11-06 08:20:42.914023
118,2019110501003816,LGIL,43,58,100,316,31600.00,2019-11-06 08:20:42.914023
119,2019110501003817,LGIL,34,58,115,316,36340.00,2019-11-06 08:20:42.914023
120,2019110501003818,UIC,34,42,190,244,46360.00,2019-11-06 08:20:42.914023
121,2019110501003819,UIC,39,42,100,243,24300.00,2019-11-06 08:20:42.914023
122,2019110501003820,UIC,22,42,50,243,12150.00,2019-11-06 08:20:42.914023
123,2019110501003821,UIC,34,42,200,243,48600.00,2019-11-06 08:20:42.914023
124,2019110501003822,UIC,53,42,60,243,14580.00,2019-11-06 08:20:42.914023
125,2019110501003823,MLBL,32,43,100,211,21100.00,2019-11-06 08:20:42.914023
126,2019110501003824,MLBL,1,43,18,211,3798.00,2019-11-06 08:20:42.914023
127,2019110501003825,MLBL,33,43,532,211,112252.00,2019-11-06 08:20:42.914023
128,2019110501003826,GMFBS,56,39,10,454,4540.00,2019-11-06 08:20:42.914023
129,2019110501003827,PCBL,45,44,263,261,68643.00,2019-11-06 08:20:42.914023
130,2019110501003828,PCBL,52,44,699,261,182439.00,2019-11-06 08:20:42.914023
131,2019110501003829,DDBL,49,33,200,716,143200.00,2019-11-06 08:20:42.914023
132,2019110501003830,CCBL,49,38,910,158,143780.00,2019-11-06 08:20:42.914023
133,2019110501003831,NBB,25,42,25,206,5150.00,2019-11-06 08:20:42.914023
134,2019110501003832,MERO,7,6,13,564,7332.00,2019-11-06 08:20:42.914023
135,2019110501003833,MERO,19,6,42,564,23688.00,2019-11-06 08:20:42.914023
136,2019110501003834,MERO,25,6,20,564,11280.00,2019-11-06 08:20:42.914023
137,2019110501003835,MERO,35,6,100,564,56400.00,2019-11-06 08:20:42.914023
138,2019110501003836,MERO,19,6,110,563,61930.00,2019-11-06 08:20:42.914023
139,2019110501003837,MERO,45,6,200,563,112600.00,2019-11-06 08:20:42.914023
140,2019110501003838,MERO,25,6,100,563,56300.00,2019-11-06 08:20:42.914023
141,2019110501003839,SLBBL,45,43,50,569,28450.00,2019-11-06 08:20:42.914023
142,2019110501003840,EBL,56,58,200,557,111400.00,2019-11-06 08:20:42.914023
143,2019110501003841,NLIC,38,54,22,795,17490.00,2019-11-06 08:20:42.914023
144,2019110501003842,HPPL,18,39,10,138,1380.00,2019-11-06 08:20:42.914023
145,2019110501003843,SHPC,38,26,18,189,3402.00,2019-11-06 08:20:42.914023
146,2019110501003844,RHPL,16,39,520,172,89440.00,2019-11-06 08:20:42.914023
147,2019110501003845,RHPL,54,39,30,171,5130.00,2019-11-06 08:20:42.914023
148,2019110501003846,RHPL,25,39,500,171,85500.00,2019-11-06 08:20:42.914023
149,2019110501003847,RHPL,14,39,500,171,85500.00,2019-11-06 08:20:42.914023
150,2019110501003848,RHPL,14,39,996,171,170316.00,2019-11-06 08:20:42.914023
151,2019110501003849,PRIN,11,58,35,312,10920.00,2019-11-06 08:20:42.914023
152,2019110501003850,PIC,5,42,74,361,26714.00,2019-11-06 08:20:42.914023
153,2019110501003851,PCBL,52,3,48,261,12528.00,2019-11-06 08:20:42.914023
154,2019110501003852,NIB,32,48,80,444,35520.00,2019-11-06 08:20:42.914023
155,2019110501003853,NNLB,58,34,10,435,4350.00,2019-11-06 08:20:42.914023
156,2019110501003854,NICA,36,11,890,397,353330.00,2019-11-06 08:20:42.914023
157,2019110501003855,NICA,38,11,86,397,34142.00,2019-11-06 08:20:42.914023
158,2019110501003856,JFL,42,51,130,193,25090.00,2019-11-06 08:20:42.914023
159,2019110501003857,JFL,17,51,665,193,128345.00,2019-11-06 08:20:42.914023
160,2019110501003858,MERO,49,42,126,562,70812.00,2019-11-06 08:20:42.914023
161,2019110501003859,SPARS,34,22,10,535,5350.00,2019-11-06 08:20:42.914023
162,2019110501003860,PRVU,36,34,12,267,3204.00,2019-11-06 08:20:42.914023
163,2019110501003861,CBL,43,22,10,142,1420.00,2019-11-06 08:20:42.914023
164,2019110501003862,NABIL,56,21,26,763,19838.00,2019-11-06 08:20:42.914023
165,2019110501003863,NABIL,36,21,35,763,26705.00,2019-11-06 08:20:42.914023
166,2019110501003864,NABIL,11,21,84,763,64092.00,2019-11-06 08:20:42.914023
167,2019110501003865,NABIL,35,21,35,763,26705.00,2019-11-06 08:20:42.914023
168,2019110501003866,NLBBL,25,51,10,514,5140.00,2019-11-06 08:20:42.914023
169,2019110501003764,NCCB,48,17,274,205,56170.00,2019-11-06 08:20:42.914023
170,2019110501003765,NCCB,57,17,309,205,63345.00,2019-11-06 08:20:42.914023
171,2019110501003766,NCCB,57,17,1000,205,205000.00,2019-11-06 08:20:42.914023
172,2019110501003767,NCCB,35,17,99,205,20295.00,2019-11-06 08:20:42.914023
173,2019110501003768,MLBL,33,4,100,212,21200.00,2019-11-06 08:20:42.914023
174,2019110501003769,SABSL,16,3,10,445,4450.00,2019-11-06 08:20:42.914023
175,2019110501003770,KBL,48,49,236,183,43188.00,2019-11-06 08:20:42.914023
176,2019110501003771,KBL,48,26,264,183,48312.00,2019-11-06 08:20:42.914023
177,2019110501003772,SRBL,52,25,100,209,20900.00,2019-11-06 08:20:42.914023
178,2019110501003773,KSBBL,33,42,50,143,7150.00,2019-11-06 08:20:42.914023
179,2019110501003774,MNBBL,49,44,98,316,30968.00,2019-11-06 08:20:42.914023
180,2019110501003775,MNBBL,35,44,150,316,47400.00,2019-11-06 08:20:42.914023
181,2019110501003776,MNBBL,36,44,100,316,31600.00,2019-11-06 08:20:42.914023
182,2019110501003777,MNBBL,49,44,1652,316,522032.00,2019-11-06 08:20:42.914023
183,2019110501003778,MSMBS,17,55,41,458,18778.00,2019-11-06 08:20:42.914023
184,2019110501003779,MERO,32,6,38,565,21470.00,2019-11-06 08:20:42.914023
185,2019110501003780,MERO,36,6,50,565,28250.00,2019-11-06 08:20:42.914023
186,2019110501003781,SANIMA,4,11,200,304,60800.00,2019-11-06 08:20:42.914023
187,2019110501003782,RHPL,16,58,480,172,82560.00,2019-11-06 08:20:42.914023
188,2019110501003783,SABSL,16,3,10,445,4450.00,2019-11-06 08:20:42.914023
189,2019110501003784,NBB,25,42,100,206,20600.00,2019-11-06 08:20:42.914023
190,2019110501003785,MNBBL,49,33,100,316,31600.00,2019-11-06 08:20:42.914023
191,2019110501003786,NABIL,44,53,10,764,7640.00,2019-11-06 08:20:42.914023
192,2019110501003787,NABIL,34,53,50,764,38200.00,2019-11-06 08:20:42.914023
193,2019110501003788,SHIVM,19,41,25,484,12100.00,2019-11-06 08:20:42.914023
194,2019110501003789,SHIVM,53,41,100,484,48400.00,2019-11-06 08:20:42.914023
195,2019110501003790,SHPC,38,16,118,189,22302.00,2019-11-06 08:20:42.914023
196,2019110501003791,SHPC,40,16,50,189,9450.00,2019-11-06 08:20:42.914023
197,2019110501003792,SHPC,38,16,282,189,53298.00,2019-11-06 08:20:42.914023
198,2019110501003793,GILB,1,34,20,870,17400.00,2019-11-06 08:20:42.914023
199,2019110501003794,SABSL,16,3,10,445,4450.00,2019-11-06 08:20:42.914023
200,2019110501003795,NLBBL,22,51,12,507,6084.00,2019-11-06 08:20:42.914023
201,2019110501003796,NBB,25,42,91,206,18746.00,2019-11-06 08:20:42.914023
202,2019110501003797,SABSL,16,3,10,445,4450.00,2019-11-06 08:20:42.914023
203,2019110501003798,MERO,35,6,30,565,16950.00,2019-11-06 08:20:42.914023
204,2019110501003799,NMFBS,42,33,10,1710,17100.00,2019-11-06 08:20:42.914023
205,2019110501003800,SIC,34,51,18,447,8046.00,2019-11-06 08:20:42.914023
206,2019110501003801,JFL,17,28,40,194,7760.00,2019-11-06 08:20:42.914023
207,2019110501003802,JFL,17,29,197,194,38218.00,2019-11-06 08:20:42.914023
208,2019110501003803,PRVU,56,34,20,267,5340.00,2019-11-06 08:20:42.914023
209,2019110501003804,SCB,21,42,10,560,5600.00,2019-11-06 08:20:42.914023
210,2019110501003805,SABSL,16,3,10,445,4450.00,2019-11-06 08:20:42.914023
211,2019110501003737,PRVU,17,34,200,267,53400.00,2019-11-06 08:20:42.914023
212,2019110501003738,FOWAD,41,58,50,1327,66350.00,2019-11-06 08:20:42.914023
213,2019110501003739,HBL,44,51,12,494,5928.00,2019-11-06 08:20:42.914023
214,2019110501003740,MBL,48,6,280,229,64120.00,2019-11-06 08:20:42.914023
215,2019110501003741,MBL,48,8,50,229,11450.00,2019-11-06 08:20:42.914023
216,2019110501003742,MBL,48,7,170,229,38930.00,2019-11-06 08:20:42.914023
217,2019110501003743,NBB,17,42,1000,206,206000.00,2019-11-06 08:20:42.914023
218,2019110501003744,ALBSL,56,16,60,390,23400.00,2019-11-06 08:20:42.914023
219,2019110501003745,DDBL,49,52,60,716,42960.00,2019-11-06 08:20:42.914023
220,2019110501003746,GLICL,5,1,19,350,6650.00,2019-11-06 08:20:42.914023
221,2019110501003747,GLICL,50,1,91,350,31850.00,2019-11-06 08:20:42.914023
222,2019110501003748,GILB,58,34,20,872,17440.00,2019-11-06 08:20:42.914023
223,2019110501003749,GILB,5,34,11,871,9581.00,2019-11-06 08:20:42.914023
224,2019110501003750,GILB,33,34,57,871,49647.00,2019-11-06 08:20:42.914023
225,2019110501003751,GILB,38,34,60,870,52200.00,2019-11-06 08:20:42.914023
226,2019110501003752,GILB,14,34,50,870,43500.00,2019-11-06 08:20:42.914023
227,2019110501003753,GILB,42,34,110,870,95700.00,2019-11-06 08:20:42.914023
228,2019110501003754,VLBS,50,45,10,557,5570.00,2019-11-06 08:20:42.914023
229,2019110501003755,MERO,39,41,100,566,56600.00,2019-11-06 08:20:42.914023
230,2019110501003756,NABIL,44,51,15,764,11460.00,2019-11-06 08:20:42.914023
231,2019110501003757,ADBL,39,39,845,415,350675.00,2019-11-06 08:20:42.914023
232,2019110501003758,MERO,35,41,70,566,39620.00,2019-11-06 08:20:42.914023
233,2019110501003759,NMBMF,51,45,10,485,4850.00,2019-11-06 08:20:42.914023
234,2019110501003760,SLBBL,57,19,29,568,16472.00,2019-11-06 08:20:42.914023
235,2019110501003761,MERO,32,37,12,565,6780.00,2019-11-06 08:20:42.914023
236,2019110501003762,HBL,44,59,170,494,83980.00,2019-11-06 08:20:42.914023
237,2019110501003763,NCCB,48,51,17,205,3485.00,2019-11-06 08:20:42.914023
238,2019110501003674,SBL,45,7,122,289,35258.00,2019-11-06 08:20:42.914023
239,2019110501003675,SBL,45,7,250,289,72250.00,2019-11-06 08:20:42.914023
240,2019110501003676,SBL,33,7,28,289,8092.00,2019-11-06 08:20:42.914023
241,2019110501003677,CIT,58,35,11,1775,19525.00,2019-11-06 08:20:42.914023
242,2019110501003678,SJCL,41,26,20,168,3360.00,2019-11-06 08:20:42.914023
243,2019110501003679,DDBL,28,11,410,717,293970.00,2019-11-06 08:20:42.914023
244,2019110501003680,DDBL,22,11,200,717,143400.00,2019-11-06 08:20:42.914023
245,2019110501003681,DDBL,49,11,507,716,363012.00,2019-11-06 08:20:42.914023
246,2019110501003682,UPPER,25,48,50,237,11850.00,2019-11-06 08:20:42.914023
247,2019110501003683,GMFBS,56,40,40,454,18160.00,2019-11-06 08:20:42.914023
248,2019110501003684,GRDBL,45,21,50,102,5100.00,2019-11-06 08:20:42.914023
249,2019110501003685,MLBL,51,16,155,212,32860.00,2019-11-06 08:20:42.914023
250,2019110501003686,MLBL,51,35,40,212,8480.00,2019-11-06 08:20:42.914023
251,2019110501003687,MERO,38,45,20,566,11320.00,2019-11-06 08:20:42.914023
252,2019110501003688,MLBL,51,4,105,212,22260.00,2019-11-06 08:20:42.914023
253,2019110501003689,CCBL,49,42,1000,158,158000.00,2019-11-06 08:20:42.914023
254,2019110501003690,NCCB,44,34,102,205,20910.00,2019-11-06 08:20:42.914023
255,2019110501003691,NCCB,48,34,209,205,42845.00,2019-11-06 08:20:42.914023
256,2019110501003692,NABIL,25,58,100,765,76500.00,2019-11-06 08:20:42.914023
257,2019110501003693,CBL,41,7,31,141,4371.00,2019-11-06 08:20:42.914023
258,2019110501003694,CBL,49,7,1500,141,211500.00,2019-11-06 08:20:42.914023
259,2019110501003695,CBL,49,7,300,141,42300.00,2019-11-06 08:20:42.914023
260,2019110501003696,CBL,41,7,500,141,70500.00,2019-11-06 08:20:42.914023
261,2019110501003697,CBL,37,7,100,141,14100.00,2019-11-06 08:20:42.914023
262,2019110501003698,CBL,22,7,300,141,42300.00,2019-11-06 08:20:42.914023
263,2019110501003699,CBL,7,7,1000,141,141000.00,2019-11-06 08:20:42.914023
264,2019110501003700,CBL,57,7,111,141,15651.00,2019-11-06 08:20:42.914023
265,2019110501003701,CBL,54,7,100,141,14100.00,2019-11-06 08:20:42.914023
266,2019110501003702,CBL,8,7,79,141,11139.00,2019-11-06 08:20:42.914023
267,2019110501003703,MEGA,26,59,438,188,82344.00,2019-11-06 08:20:42.914023
268,2019110501003704,MEGA,36,59,12,188,2256.00,2019-11-06 08:20:42.914023
269,2019110501003705,MERO,56,45,30,566,16980.00,2019-11-06 08:20:42.914023
270,2019110501003706,MERO,56,41,20,566,11320.00,2019-11-06 08:20:42.914023
271,2019110501003707,NBL,58,19,470,314,147580.00,2019-11-06 08:20:42.914023
272,2019110501003708,NMBMF,29,18,10,487,4870.00,2019-11-06 08:20:42.914023
273,2019110501003709,NMBMF,21,18,100,486,48600.00,2019-11-06 08:20:42.914023
274,2019110501003710,NMBMF,6,18,10,485,4850.00,2019-11-06 08:20:42.914023
275,2019110501003711,NMBMF,51,18,80,485,38800.00,2019-11-06 08:20:42.914023
276,2019110501003712,BPCL,53,42,31,364,11284.00,2019-11-06 08:20:42.914023
277,2019110501003713,RHPL,14,58,50,172,8600.00,2019-11-06 08:20:42.914023
278,2019110501003714,PRVUPO,6,44,93352,162,15123024.00,2019-11-06 08:20:42.914023
279,2019110501003715,PCBL,47,53,153,262,40086.00,2019-11-06 08:20:42.914023
280,2019110501003716,PCBL,32,53,200,262,52400.00,2019-11-06 08:20:42.914023
281,2019110501003717,PCBL,32,53,500,262,131000.00,2019-11-06 08:20:42.914023
282,2019110501003718,PCBL,11,53,164,262,42968.00,2019-11-06 08:20:42.914023
283,2019110501003719,PCBL,44,53,50,262,13100.00,2019-11-06 08:20:42.914023
284,2019110501003720,PCBL,5,53,100,262,26200.00,2019-11-06 08:20:42.914023
285,2019110501003721,PCBL,47,53,200,262,52400.00,2019-11-06 08:20:42.914023
286,2019110501003722,PCBL,58,53,200,262,52400.00,2019-11-06 08:20:42.914023
287,2019110501003723,PCBL,34,53,100,262,26200.00,2019-11-06 08:20:42.914023
288,2019110501003724,PCBL,39,53,200,262,52400.00,2019-11-06 08:20:42.914023
289,2019110501003725,PCBL,48,53,2000,261,522000.00,2019-11-06 08:20:42.914023
290,2019110501003726,PCBL,34,53,200,261,52200.00,2019-11-06 08:20:42.914023
291,2019110501003727,PCBL,14,53,200,261,52200.00,2019-11-06 08:20:42.914023
292,2019110501003728,PCBL,13,53,500,261,130500.00,2019-11-06 08:20:42.914023
293,2019110501003729,PCBL,13,53,500,261,130500.00,2019-11-06 08:20:42.914023
294,2019110501003730,PCBL,42,53,200,261,52200.00,2019-11-06 08:20:42.914023
295,2019110501003731,PCBL,1,53,100,261,26100.00,2019-11-06 08:20:42.914023
296,2019110501003732,PCBL,14,53,100,261,26100.00,2019-11-06 08:20:42.914023
297,2019110501003733,PCBL,45,53,237,261,61857.00,2019-11-06 08:20:42.914023
298,2019110501003734,BOKL,33,57,50,227,11350.00,2019-11-06 08:20:42.914023
299,2019110501003735,HURJA,43,57,20,104,2080.00,2019-11-06 08:20:42.914023
300,2019110501003736,HURJA,43,10,30,104,3120.00,2019-11-06 08:20:42.914023
301,2019110501003621,NCCB,58,47,770,205,157850.00,2019-11-06 08:20:42.914023
302,2019110501003622,PRVU,45,34,1819,267,485673.00,2019-11-06 08:20:42.914023
303,2019110501003623,PRVU,45,44,216,267,57672.00,2019-11-06 08:20:42.914023
304,2019110501003624,PRVU,45,34,465,267,124155.00,2019-11-06 08:20:42.914023
305,2019110501003625,MERO,19,45,10,565,5650.00,2019-11-06 08:20:42.914023
306,2019110501003626,SLBBL,52,53,29,567,16443.00,2019-11-06 08:20:42.914023
307,2019110501003627,SLBBL,48,53,71,567,40257.00,2019-11-06 08:20:42.914023
308,2019110501003628,KBL,47,57,457,182,83174.00,2019-11-06 08:20:42.914023
309,2019110501003629,KBL,45,57,43,182,7826.00,2019-11-06 08:20:42.914023
310,2019110501003630,UIC,53,42,52,245,12740.00,2019-11-06 08:20:42.914023
311,2019110501003631,MEGA,28,6,213,188,40044.00,2019-11-06 08:20:42.914023
312,2019110501003632,MEGA,22,6,20,188,3760.00,2019-11-06 08:20:42.914023
313,2019110501003633,MEGA,32,6,300,188,56400.00,2019-11-06 08:20:42.914023
314,2019110501003634,MEGA,26,6,67,188,12596.00,2019-11-06 08:20:42.914023
315,2019110501003635,NCCB,58,39,1291,205,264655.00,2019-11-06 08:20:42.914023
316,2019110501003636,NCCB,44,39,398,205,81590.00,2019-11-06 08:20:42.914023
317,2019110501003637,SANIMA,40,11,1237,304,376048.00,2019-11-06 08:20:42.914023
318,2019110501003638,NBL,43,22,191,315,60165.00,2019-11-06 08:20:42.914023
319,2019110501003639,SJCL,42,22,40,168,6720.00,2019-11-06 08:20:42.914023
320,2019110501003640,SJCL,41,22,80,168,13440.00,2019-11-06 08:20:42.914023
321,2019110501003641,NTC,59,34,10,624,6240.00,2019-11-06 08:20:42.914023
322,2019110501003642,IGI,21,55,30,287,8610.00,2019-11-06 08:20:42.914023
323,2019110501003643,IGI,39,55,70,287,20090.00,2019-11-06 08:20:42.914023
324,2019110501003644,NABIL,49,58,21,767,16107.00,2019-11-06 08:20:42.914023
325,2019110501003645,NABIL,34,58,150,766,114900.00,2019-11-06 08:20:42.914023
326,2019110501003646,NABIL,34,58,100,766,76600.00,2019-11-06 08:20:42.914023
327,2019110501003647,NABIL,51,58,100,766,76600.00,2019-11-06 08:20:42.914023
328,2019110501003648,NABIL,42,58,70,765,53550.00,2019-11-06 08:20:42.914023
329,2019110501003649,NABIL,35,58,50,765,38250.00,2019-11-06 08:20:42.914023
330,2019110501003650,NABIL,46,58,100,765,76500.00,2019-11-06 08:20:42.914023
331,2019110501003651,NABIL,21,58,50,765,38250.00,2019-11-06 08:20:42.914023
332,2019110501003652,NABIL,45,58,20,765,15300.00,2019-11-06 08:20:42.914023
333,2019110501003653,SHL,39,57,500,207,103500.00,2019-11-06 08:20:42.914023
334,2019110501003654,SHL,5,57,100,207,20700.00,2019-11-06 08:20:42.914023
335,2019110501003655,SHL,5,57,100,207,20700.00,2019-11-06 08:20:42.914023
336,2019110501003656,EBL,44,21,10,556,5560.00,2019-11-06 08:20:42.914023
337,2019110501003657,NCCB,33,14,417,206,85902.00,2019-11-06 08:20:42.914023
338,2019110501003658,NCCB,33,55,29,206,5974.00,2019-11-06 08:20:42.914023
339,2019110501003659,NCCB,33,57,54,206,11124.00,2019-11-06 08:20:42.914023
340,2019110501003660,MERO,36,45,113,565,63845.00,2019-11-06 08:20:42.914023
341,2019110501003661,NBB,43,42,500,206,103000.00,2019-11-06 08:20:42.914023
342,2019110501003662,NBB,13,42,200,206,41200.00,2019-11-06 08:20:42.914023
343,2019110501003663,NBB,17,42,50,206,10300.00,2019-11-06 08:20:42.914023
344,2019110501003664,NBB,44,42,59,206,12154.00,2019-11-06 08:20:42.914023
345,2019110501003665,RSDC,50,22,55,324,17820.00,2019-11-06 08:20:42.914023
346,2019110501003666,RSDC,50,6,24,325,7800.00,2019-11-06 08:20:42.914023
347,2019110501003667,PRVU,36,34,100,267,26700.00,2019-11-06 08:20:42.914023
348,2019110501003668,EIC,58,25,150,224,33600.00,2019-11-06 08:20:42.914023
349,2019110501003669,NMFBS,34,26,29,1711,49619.00,2019-11-06 08:20:42.914023
350,2019110501003670,NEF,45,46,638,7.67,4893.46,2019-11-06 08:20:42.914023
351,2019110501003671,UPPER,25,8,100,236,23600.00,2019-11-06 08:20:42.914023
352,2019110501003672,UPPER,25,39,50,236,11800.00,2019-11-06 08:20:42.914023
353,2019110501003673,PRVU,45,34,30,267,8010.00,2019-11-06 08:20:42.914023
354,2019110501003593,PLIC,56,51,81,314,25434.00,2019-11-06 08:20:42.914023
355,2019110501003594,MLBL,25,33,200,212,42400.00,2019-11-06 08:20:42.914023
356,2019110501003595,MLBL,25,56,200,212,42400.00,2019-11-06 08:20:42.914023
357,2019110501003596,MLBL,25,16,100,212,21200.00,2019-11-06 08:20:42.914023
358,2019110501003597,MLBL,46,16,50,212,10600.00,2019-11-06 08:20:42.914023
359,2019110501003598,CCBL,49,44,290,157,45530.00,2019-11-06 08:20:42.914023
360,2019110501003599,CCBL,49,34,500,158,79000.00,2019-11-06 08:20:42.914023
361,2019110501003600,CCBL,49,34,200,158,31600.00,2019-11-06 08:20:42.914023
362,2019110501003601,CCBL,49,56,100,158,15800.00,2019-11-06 08:20:42.914023
363,2019110501003602,CCBL,49,28,2000,158,316000.00,2019-11-06 08:20:42.914023
364,2019110501003603,MNBBL,5,44,100,317,31700.00,2019-11-06 08:20:42.914023
365,2019110501003604,ALBSL,56,42,10,390,3900.00,2019-11-06 08:20:42.914023
366,2019110501003605,PRVU,44,34,319,267,85173.00,2019-11-06 08:20:42.914023
367,2019110501003606,PRVU,44,34,181,267,48327.00,2019-11-06 08:20:42.914023
368,2019110501003607,MLBL,6,16,150,212,31800.00,2019-11-06 08:20:42.914023
369,2019110501003608,CIT,5,46,30,1775,53250.00,2019-11-06 08:20:42.914023
370,2019110501003609,RHPL,14,26,30,172,5160.00,2019-11-06 08:20:42.914023
371,2019110501003610,MEGA,45,11,600,188,112800.00,2019-11-06 08:20:42.914023
372,2019110501003611,MEGA,1,11,500,188,94000.00,2019-11-06 08:20:42.914023
373,2019110501003612,MEGA,59,11,400,188,75200.00,2019-11-06 08:20:42.914023
374,2019110501003613,MEGA,56,11,100,188,18800.00,2019-11-06 08:20:42.914023
375,2019110501003614,MEGA,28,11,1787,188,335956.00,2019-11-06 08:20:42.914023
376,2019110501003615,NBL,4,22,891,315,280665.00,2019-11-06 08:20:42.914023
377,2019110501003616,NBL,5,22,100,315,31500.00,2019-11-06 08:20:42.914023
378,2019110501003617,NBL,1,22,200,315,63000.00,2019-11-06 08:20:42.914023
379,2019110501003618,NBL,43,22,309,315,97335.00,2019-11-06 08:20:42.914023
380,2019110501003619,NABIL,49,47,79,767,60593.00,2019-11-06 08:20:42.914023
381,2019110501003620,NCCB,28,47,968,205,198440.00,2019-11-06 08:20:42.914023
382,2019110501003569,NLIC,1,26,12,796,9552.00,2019-11-06 08:20:42.914023
383,2019110501003570,LBL,41,28,300,220,66000.00,2019-11-06 08:20:42.914023
384,2019110501003571,NBL,43,43,26,315,8190.00,2019-11-06 08:20:42.914023
385,2019110501003572,NBL,53,43,200,315,63000.00,2019-11-06 08:20:42.914023
386,2019110501003573,NBL,58,43,60,315,18900.00,2019-11-06 08:20:42.914023
387,2019110501003574,NBL,25,43,300,315,94500.00,2019-11-06 08:20:42.914023
388,2019110501003575,NBL,35,43,200,315,63000.00,2019-11-06 08:20:42.914023
389,2019110501003576,NBL,25,43,300,315,94500.00,2019-11-06 08:20:42.914023
390,2019110501003577,NBL,4,43,109,315,34335.00,2019-11-06 08:20:42.914023
391,2019110501003578,MEGA,33,44,99,189,18711.00,2019-11-06 08:20:42.914023
392,2019110501003579,MEGA,33,14,101,189,19089.00,2019-11-06 08:20:42.914023
393,2019110501003580,NADEP,56,26,20,391,7820.00,2019-11-06 08:20:42.914023
394,2019110501003581,UPPER,45,8,150,236,35400.00,2019-11-06 08:20:42.914023
395,2019110501003582,NLIC,28,45,50,796,39800.00,2019-11-06 08:20:42.914023
396,2019110501003583,NLIC,48,45,50,796,39800.00,2019-11-06 08:20:42.914023
397,2019110501003584,MHNL,52,58,10,78,780.00,2019-11-06 08:20:42.914023
398,2019110501003585,MHNL,26,58,70,77,5390.00,2019-11-06 08:20:42.914023
399,2019110501003586,MHNL,29,58,30,77,2310.00,2019-11-06 08:20:42.914023
400,2019110501003587,NABIL,45,58,26,768,19968.00,2019-11-06 08:20:42.914023
401,2019110501003588,NCCB,28,49,33,205,6765.00,2019-11-06 08:20:42.914023
402,2019110501003589,NCCB,28,49,32,205,6560.00,2019-11-06 08:20:42.914023
403,2019110501003590,SADBL,4,34,200,140,28000.00,2019-11-06 08:20:42.914023
404,2019110501003591,MERO,7,45,350,565,197750.00,2019-11-06 08:20:42.914023
405,2019110501003592,GBLBS,18,39,10,311,3110.00,2019-11-06 08:20:42.914023
406,2019110501003537,CHCL,5,16,150,458,68700.00,2019-11-06 08:20:42.914023
407,2019110501003538,AKBSL,48,47,10,414,4140.00,2019-11-06 08:20:42.914023
408,2019110501003539,AKBSL,48,26,10,415,4150.00,2019-11-06 08:20:42.914023
409,2019110501003540,AKBSL,48,16,10,416,4160.00,2019-11-06 08:20:42.914023
410,2019110501003541,SRBL,51,7,1000,209,209000.00,2019-11-06 08:20:42.914023
411,2019110501003542,DDBL,26,22,100,717,71700.00,2019-11-06 08:20:42.914023
412,2019110501003543,DDBL,28,22,50,717,35850.00,2019-11-06 08:20:42.914023
413,2019110501003544,MLBBL,48,37,500,424,212000.00,2019-11-06 08:20:42.914023
414,2019110501003545,FOWAD,56,34,20,1331,26620.00,2019-11-06 08:20:42.914023
415,2019110501003546,FOWAD,56,50,50,1333,66650.00,2019-11-06 08:20:42.914023
416,2019110501003547,EBL,34,58,50,557,27850.00,2019-11-06 08:20:42.914023
417,2019110501003548,SBL,45,33,128,289,36992.00,2019-11-06 08:20:42.914023
418,2019110501003549,KBL,58,26,107,182,19474.00,2019-11-06 08:20:42.914023
419,2019110501003550,KBL,47,26,43,182,7826.00,2019-11-06 08:20:42.914023
420,2019110501003551,SKBBL,22,40,15,940,14100.00,2019-11-06 08:20:42.914023
421,2019110501003552,SKBBL,22,14,500,940,470000.00,2019-11-06 08:20:42.914023
422,2019110501003553,SLBBL,21,51,100,568,56800.00,2019-11-06 08:20:42.914023
423,2019110501003554,SLBBL,22,51,100,567,56700.00,2019-11-06 08:20:42.914023
424,2019110501003555,SLBBL,52,51,291,567,164997.00,2019-11-06 08:20:42.914023
425,2019110501003556,AKBSL,48,18,20,419,8380.00,2019-11-06 08:20:42.914023
426,2019110501003557,MLBL,59,4,100,211,21100.00,2019-11-06 08:20:42.914023
427,2019110501003558,MLBL,1,4,200,211,42200.00,2019-11-06 08:20:42.914023
428,2019110501003559,MLBL,32,4,200,211,42200.00,2019-11-06 08:20:42.914023
429,2019110501003560,CHCL,42,58,250,457,114250.00,2019-11-06 08:20:42.914023
430,2019110501003561,CHCL,11,58,50,457,22850.00,2019-11-06 08:20:42.914023
431,2019110501003562,CHCL,40,58,200,457,91400.00,2019-11-06 08:20:42.914023
432,2019110501003563,CHCL,38,58,50,456,22800.00,2019-11-06 08:20:42.914023
433,2019110501003564,CHCL,58,58,100,456,45600.00,2019-11-06 08:20:42.914023
434,2019110501003565,CHCL,1,58,100,456,45600.00,2019-11-06 08:20:42.914023
435,2019110501003566,CHCL,42,58,60,456,27360.00,2019-11-06 08:20:42.914023
436,2019110501003567,CHCL,39,58,190,456,86640.00,2019-11-06 08:20:42.914023
437,2019110501003568,NLIC,1,26,30,796,23880.00,2019-11-06 08:20:42.914023
438,2019110501003518,AKBSL,48,58,10,411,4110.00,2019-11-06 08:20:42.914023
439,2019110501003519,UPPER,25,8,50,236,11800.00,2019-11-06 08:20:42.914023
440,2019110501003520,ILBS,41,47,10,438,4380.00,2019-11-06 08:20:42.914023
441,2019110501003521,UIC,53,42,20,245,4900.00,2019-11-06 08:20:42.914023
442,2019110501003522,HIDCL,41,7,100,137,13700.00,2019-11-06 08:20:42.914023
443,2019110501003523,NABIL,19,58,10,768,7680.00,2019-11-06 08:20:42.914023
444,2019110501003524,MLBL,59,41,400,211,84400.00,2019-11-06 08:20:42.914023
445,2019110501003525,SANIMA,40,55,82,304,24928.00,2019-11-06 08:20:42.914023
446,2019110501003526,PIC,22,42,139,364,50596.00,2019-11-06 08:20:42.914023
447,2019110501003527,ILBS,29,34,30,439,13170.00,2019-11-06 08:20:42.914023
448,2019110501003528,SAPDBL,55,20,136,121,16456.00,2019-11-06 08:20:42.914023
449,2019110501003529,SAPDBL,55,25,300,121,36300.00,2019-11-06 08:20:42.914023
450,2019110501003530,NUBL,58,22,50,860,43000.00,2019-11-06 08:20:42.914023
451,2019110501003531,UIC,34,32,10,244,2440.00,2019-11-06 08:20:42.914023
452,2019110501003532,SBL,49,33,212,289,61268.00,2019-11-06 08:20:42.914023
453,2019110501003533,SBL,52,33,100,289,28900.00,2019-11-06 08:20:42.914023
454,2019110501003534,HIDCL,1,7,326,136,44336.00,2019-11-06 08:20:42.914023
455,2019110501003535,SLBSL,22,18,10,720,7200.00,2019-11-06 08:20:42.914023
456,2019110501003536,SLBSL,42,18,20,720,14400.00,2019-11-06 08:20:42.914023
457,2019110501003488,GLICL,7,50,50,350,17500.00,2019-11-06 08:20:42.914023
458,2019110501003489,GLICL,5,50,181,350,63350.00,2019-11-06 08:20:42.914023
459,2019110501003490,MNBBL,49,17,1000,316,316000.00,2019-11-06 08:20:42.914023
460,2019110501003491,NCCB,44,34,536,206,110416.00,2019-11-06 08:20:42.914023
461,2019110501003492,NCCB,44,42,166,206,34196.00,2019-11-06 08:20:42.914023
462,2019110501003493,NCCB,44,17,115,206,23690.00,2019-11-06 08:20:42.914023
463,2019110501003494,NCCB,44,14,183,206,37698.00,2019-11-06 08:20:42.914023
464,2019110501003495,CBBL,26,37,50,965,48250.00,2019-11-06 08:20:42.914023
465,2019110501003496,CBBL,22,37,139,964,133996.00,2019-11-06 08:20:42.914023
466,2019110501003497,CBBL,45,37,20,964,19280.00,2019-11-06 08:20:42.914023
467,2019110501003498,SLBBL,26,10,50,568,28400.00,2019-11-06 08:20:42.914023
468,2019110501003499,SLBBL,33,10,50,568,28400.00,2019-11-06 08:20:42.914023
469,2019110501003500,SLBBL,21,10,200,568,113600.00,2019-11-06 08:20:42.914023
470,2019110501003501,AKBSL,48,58,10,411,4110.00,2019-11-06 08:20:42.914023
471,2019110501003502,SWBBL,33,47,150,909,136350.00,2019-11-06 08:20:42.914023
472,2019110501003503,SWBBL,52,47,29,908,26332.00,2019-11-06 08:20:42.914023
473,2019110501003504,NICA,44,32,500,398,199000.00,2019-11-06 08:20:42.914023
474,2019110501003505,ADBL,39,52,80,415,33200.00,2019-11-06 08:20:42.914023
475,2019110501003506,NBB,32,32,100,207,20700.00,2019-11-06 08:20:42.914023
476,2019110501003507,SHIVM,19,28,100,484,48400.00,2019-11-06 08:20:42.914023
477,2019110501003508,SHIVM,19,28,80,484,38720.00,2019-11-06 08:20:42.914023
478,2019110501003509,CHCL,5,37,100,458,45800.00,2019-11-06 08:20:42.914023
479,2019110501003510,SEF,8,50,500,8.75,4375.00,2019-11-06 08:20:42.914023
480,2019110501003511,MLBL,45,33,300,212,63600.00,2019-11-06 08:20:42.914023
481,2019110501003512,NADEP,56,47,20,391,7820.00,2019-11-06 08:20:42.914023
482,2019110501003513,LBL,32,28,100,220,22000.00,2019-11-06 08:20:42.914023
483,2019110501003514,NLIC,8,19,110,797,87670.00,2019-11-06 08:20:42.914023
484,2019110501003515,NLIC,42,19,20,797,15940.00,2019-11-06 08:20:42.914023
485,2019110501003516,MEGA,45,55,250,188,47000.00,2019-11-06 08:20:42.914023
486,2019110501003517,EDBL,13,52,45,262,11790.00,2019-11-06 08:20:42.914023
487,2019110501003464,SHL,42,25,118,208,24544.00,2019-11-06 08:20:42.914023
488,2019110501003465,HPPL,18,42,20,138,2760.00,2019-11-06 08:20:42.914023
489,2019110501003466,RHPL,14,44,30,172,5160.00,2019-11-06 08:20:42.914023
490,2019110501003467,MDB,17,28,50,244,12200.00,2019-11-06 08:20:42.914023
491,2019110501003468,MDB,17,28,432,240,103680.00,2019-11-06 08:20:42.914023
492,2019110501003469,MDB,5,28,100,239,23900.00,2019-11-06 08:20:42.914023
493,2019110501003470,MDB,58,28,100,239,23900.00,2019-11-06 08:20:42.914023
494,2019110501003471,MDB,34,28,1000,238,238000.00,2019-11-06 08:20:42.914023
495,2019110501003472,MLBL,47,21,15,210,3150.00,2019-11-06 08:20:42.914023
496,2019110501003473,NLIC,8,58,10,797,7970.00,2019-11-06 08:20:42.914023
497,2019110501003474,LBL,38,22,100,219,21900.00,2019-11-06 08:20:42.914023
498,2019110501003475,SJCL,14,44,10,168,1680.00,2019-11-06 08:20:42.914023
499,2019110501003476,SJCL,42,44,10,168,1680.00,2019-11-06 08:20:42.914023
500,2019110501003477,EDBL,20,52,383,263,100729.00,2019-11-06 08:20:42.914023
501,2019110501003478,EDBL,20,52,500,263,131500.00,2019-11-06 08:20:42.914023
502,2019110501003479,PRVU,51,34,100,267,26700.00,2019-11-06 08:20:42.914023
503,2019110501003480,CHCL,36,42,100,459,45900.00,2019-11-06 08:20:42.914023
504,2019110501003481,FOWAD,41,49,60,1327,79620.00,2019-11-06 08:20:42.914023
505,2019110501003482,LBL,34,28,300,220,66000.00,2019-11-06 08:20:42.914023
506,2019110501003483,NCCB,28,1,200,205,41000.00,2019-11-06 08:20:42.914023
507,2019110501003484,CIT,7,6,24,1779,42696.00,2019-11-06 08:20:42.914023
508,2019110501003485,CIT,34,6,120,1776,213120.00,2019-11-06 08:20:42.914023
509,2019110501003486,SWBBL,33,7,100,912,91200.00,2019-11-06 08:20:42.914023
510,2019110501003487,NCCB,40,34,100,206,20600.00,2019-11-06 08:20:42.914023
511,2019110501003431,MLBL,43,16,200,211,42200.00,2019-11-06 08:20:42.914023
512,2019110501003432,MLBL,34,16,1800,211,379800.00,2019-11-06 08:20:42.914023
513,2019110501003433,API,42,25,190,108,20520.00,2019-11-06 08:20:42.914023
514,2019110501003434,API,57,25,260,108,28080.00,2019-11-06 08:20:42.914023
515,2019110501003435,MLBL,45,4,200,212,42400.00,2019-11-06 08:20:42.914023
516,2019110501003436,CCBL,49,32,122,157,19154.00,2019-11-06 08:20:42.914023
517,2019110501003437,CCBL,49,21,51,157,8007.00,2019-11-06 08:20:42.914023
518,2019110501003438,CCBL,49,44,790,157,124030.00,2019-11-06 08:20:42.914023
519,2019110501003439,KSBBL,49,42,100,144,14400.00,2019-11-06 08:20:42.914023
520,2019110501003440,MLBL,34,40,200,211,42200.00,2019-11-06 08:20:42.914023
521,2019110501003441,API,25,38,50,109,5450.00,2019-11-06 08:20:42.914023
522,2019110501003442,MLBL,34,4,105,211,22155.00,2019-11-06 08:20:42.914023
523,2019110501003443,CFCL,45,28,100,109,10900.00,2019-11-06 08:20:42.914023
524,2019110501003444,CFCL,11,28,333,108,35964.00,2019-11-06 08:20:42.914023
525,2019110501003445,CFCL,11,28,2000,108,216000.00,2019-11-06 08:20:42.914023
526,2019110501003446,CFCL,25,28,200,108,21600.00,2019-11-06 08:20:42.914023
527,2019110501003447,MLBL,34,16,2000,211,422000.00,2019-11-06 08:20:42.914023
528,2019110501003448,SJCL,14,42,20,168,3360.00,2019-11-06 08:20:42.914023
529,2019110501003449,NICA,36,35,110,397,43670.00,2019-11-06 08:20:42.914023
530,2019110501003450,PRVU,49,34,125,267,33375.00,2019-11-06 08:20:42.914023
531,2019110501003451,SHIVM,50,33,10,486,4860.00,2019-11-06 08:20:42.914023
532,2019110501003452,PRVU,34,34,300,267,80100.00,2019-11-06 08:20:42.914023
533,2019110501003453,NADEP,56,42,20,391,7820.00,2019-11-06 08:20:42.914023
534,2019110501003454,BOKL,52,57,88,226,19888.00,2019-11-06 08:20:42.914023
535,2019110501003455,NCCB,28,14,79,205,16195.00,2019-11-06 08:20:42.914023
536,2019110501003456,PRVU,32,44,688,266,183008.00,2019-11-06 08:20:42.914023
537,2019110501003457,PRVU,21,44,28,266,7448.00,2019-11-06 08:20:42.914023
538,2019110501003458,MERO,29,45,100,566,56600.00,2019-11-06 08:20:42.914023
539,2019110501003459,MLBL,34,16,895,211,188845.00,2019-11-06 08:20:42.914023
540,2019110501003460,RHPL,14,42,40,172,6880.00,2019-11-06 08:20:42.914023
541,2019110501003461,AKBSL,48,42,10,411,4110.00,2019-11-06 08:20:42.914023
542,2019110501003462,PRVU,13,34,124,267,33108.00,2019-11-06 08:20:42.914023
543,2019110501003463,CHCL,51,42,100,459,45900.00,2019-11-06 08:20:42.914023
544,2019110501003400,NLIC,8,50,22,797,17534.00,2019-11-06 08:20:42.914023
545,2019110501003401,MNBBL,29,44,98,316,30968.00,2019-11-06 08:20:42.914023
546,2019110501003402,MNBBL,49,44,902,316,285032.00,2019-11-06 08:20:42.914023
547,2019110501003403,NIB,32,56,114,444,50616.00,2019-11-06 08:20:42.914023
548,2019110501003404,SHIVM,11,48,500,485,242500.00,2019-11-06 08:20:42.914023
549,2019110501003405,NBL,43,43,700,315,220500.00,2019-11-06 08:20:42.914023
550,2019110501003406,PRVU,32,34,500,267,133500.00,2019-11-06 08:20:42.914023
551,2019110501003407,SHIVM,50,49,10,486,4860.00,2019-11-06 08:20:42.914023
552,2019110501003408,SABSL,39,25,90,449,40410.00,2019-11-06 08:20:42.914023
553,2019110501003409,SABSL,38,25,50,449,22450.00,2019-11-06 08:20:42.914023
554,2019110501003410,SABSL,40,25,20,448,8960.00,2019-11-06 08:20:42.914023
555,2019110501003411,SABSL,50,25,100,448,44800.00,2019-11-06 08:20:42.914023
556,2019110501003412,SABSL,1,25,100,448,44800.00,2019-11-06 08:20:42.914023
557,2019110501003413,SABSL,39,25,100,447,44700.00,2019-11-06 08:20:42.914023
558,2019110501003414,SABSL,35,25,30,447,13410.00,2019-11-06 08:20:42.914023
559,2019110501003415,SABSL,40,25,30,446,13380.00,2019-11-06 08:20:42.914023
560,2019110501003416,SABSL,5,25,20,446,8920.00,2019-11-06 08:20:42.914023
561,2019110501003417,SABSL,39,25,100,446,44600.00,2019-11-06 08:20:42.914023
562,2019110501003418,SABSL,39,25,200,445,89000.00,2019-11-06 08:20:42.914023
563,2019110501003419,SABSL,58,25,20,445,8900.00,2019-11-06 08:20:42.914023
564,2019110501003420,SABSL,7,25,100,445,44500.00,2019-11-06 08:20:42.914023
565,2019110501003421,MLBL,51,4,50,212,10600.00,2019-11-06 08:20:42.914023
566,2019110501003422,RLFL,39,1,30,113,3390.00,2019-11-06 08:20:42.914023
567,2019110501003423,RLFL,56,1,200,113,22600.00,2019-11-06 08:20:42.914023
568,2019110501003424,BOKL,56,57,20,227,4540.00,2019-11-06 08:20:42.914023
569,2019110501003425,NTC,37,33,60,621,37260.00,2019-11-06 08:20:42.914023
570,2019110501003426,NTC,38,33,30,621,18630.00,2019-11-06 08:20:42.914023
571,2019110501003427,NTC,22,33,50,621,31050.00,2019-11-06 08:20:42.914023
572,2019110501003428,MHNL,52,50,40,78,3120.00,2019-11-06 08:20:42.914023
573,2019110501003429,LICN,45,28,50,990,49500.00,2019-11-06 08:20:42.914023
574,2019110501003430,CHCL,17,42,20,459,9180.00,2019-11-06 08:20:42.914023
575,2019110501003376,DBBL,41,42,144,124,17856.00,2019-11-06 08:20:42.914023
576,2019110501003377,DBBL,48,42,14,124,1736.00,2019-11-06 08:20:42.914023
577,2019110501003378,NCCB,28,11,14,205,2870.00,2019-11-06 08:20:42.914023
578,2019110501003379,MERO,17,52,30,564,16920.00,2019-11-06 08:20:42.914023
579,2019110501003380,MERO,52,52,70,564,39480.00,2019-11-06 08:20:42.914023
580,2019110501003381,MERO,7,52,20,564,11280.00,2019-11-06 08:20:42.914023
581,2019110501003382,UPPER,43,50,50,235,11750.00,2019-11-06 08:20:42.914023
582,2019110501003383,PPCL,39,58,60,97,5820.00,2019-11-06 08:20:42.914023
583,2019110501003384,UPPER,43,19,100,235,23500.00,2019-11-06 08:20:42.914023
584,2019110501003385,NNLB,17,32,50,435,21750.00,2019-11-06 08:20:42.914023
585,2019110501003386,NADEP,1,41,20,392,7840.00,2019-11-06 08:20:42.914023
586,2019110501003387,SANIMA,8,58,282,304,85728.00,2019-11-06 08:20:42.914023
587,2019110501003388,SANIMA,41,58,200,304,60800.00,2019-11-06 08:20:42.914023
588,2019110501003389,SANIMA,14,58,137,304,41648.00,2019-11-06 08:20:42.914023
589,2019110501003390,SANIMA,44,58,500,304,152000.00,2019-11-06 08:20:42.914023
590,2019110501003391,SANIMA,22,58,500,304,152000.00,2019-11-06 08:20:42.914023
591,2019110501003392,SANIMA,50,58,100,304,30400.00,2019-11-06 08:20:42.914023
592,2019110501003393,SANIMA,56,58,100,304,30400.00,2019-11-06 08:20:42.914023
593,2019110501003394,SANIMA,40,58,181,304,55024.00,2019-11-06 08:20:42.914023
594,2019110501003395,TMDBL,59,32,32,152,4864.00,2019-11-06 08:20:42.914023
595,2019110501003396,MBL,33,11,30,228,6840.00,2019-11-06 08:20:42.914023
596,2019110501003397,GRDBL,32,42,200,102,20400.00,2019-11-06 08:20:42.914023
597,2019110501003398,MEGA,45,51,40,188,7520.00,2019-11-06 08:20:42.914023
598,2019110501003399,CHCL,17,21,30,459,13770.00,2019-11-06 08:20:42.914023
599,2019110501003357,PRVU,17,34,50,267,13350.00,2019-11-06 08:20:42.914023
600,2019110501003358,KSBBL,26,45,100,144,14400.00,2019-11-06 08:20:42.914023
601,2019110501003359,KSBBL,49,45,197,144,28368.00,2019-11-06 08:20:42.914023
602,2019110501003360,KSBBL,49,41,300,144,43200.00,2019-11-06 08:20:42.914023
603,2019110501003361,NMBMF,43,51,20,488,9760.00,2019-11-06 08:20:42.914023
604,2019110501003362,NMBMF,43,36,35,488,17080.00,2019-11-06 08:20:42.914023
605,2019110501003363,NMBMF,29,36,40,487,19480.00,2019-11-06 08:20:42.914023
606,2019110501003364,CBL,17,57,100,141,14100.00,2019-11-06 08:20:42.914023
607,2019110501003365,PICL,13,40,200,427,85400.00,2019-11-06 08:20:42.914023
608,2019110501003366,CBL,17,32,21,141,2961.00,2019-11-06 08:20:42.914023
609,2019110501003367,CBL,41,32,69,141,9729.00,2019-11-06 08:20:42.914023
610,2019110501003368,MLBL,14,4,500,211,105500.00,2019-11-06 08:20:42.914023
611,2019110501003369,SIL,25,4,15,383,5745.00,2019-11-06 08:20:42.914023
612,2019110501003370,ALICL,56,58,270,313,84510.00,2019-11-06 08:20:42.914023
613,2019110501003371,ADBL,40,52,20,416,8320.00,2019-11-06 08:20:42.914023
614,2019110501003372,SANIMA,35,35,3000,304,912000.00,2019-11-06 08:20:42.914023
615,2019110501003373,SWBBL,52,50,21,908,19068.00,2019-11-06 08:20:42.914023
616,2019110501003374,MEGA,47,45,190,188,35720.00,2019-11-06 08:20:42.914023
617,2019110501003375,MEGA,45,45,110,188,20680.00,2019-11-06 08:20:42.914023
618,2019110501003330,MNBBL,22,44,30,317,9510.00,2019-11-06 08:20:42.914023
619,2019110501003331,MDB,17,21,15,240,3600.00,2019-11-06 08:20:42.914023
620,2019110501003332,CHCL,36,43,400,459,183600.00,2019-11-06 08:20:42.914023
621,2019110501003333,MERO,41,52,60,565,33900.00,2019-11-06 08:20:42.914023
622,2019110501003334,MERO,19,52,20,565,11300.00,2019-11-06 08:20:42.914023
623,2019110501003335,MERO,40,52,200,565,113000.00,2019-11-06 08:20:42.914023
624,2019110501003336,MERO,34,52,100,565,56500.00,2019-11-06 08:20:42.914023
625,2019110501003337,PLIC,39,25,281,314,88234.00,2019-11-06 08:20:42.914023
626,2019110501003338,PLIC,56,25,119,314,37366.00,2019-11-06 08:20:42.914023
627,2019110501003339,TMDBL,59,56,30,153,4590.00,2019-11-06 08:20:42.914023
628,2019110501003340,SHIVM,45,21,50,486,24300.00,2019-11-06 08:20:42.914023
629,2019110501003341,MERO,21,45,170,566,96220.00,2019-11-06 08:20:42.914023
630,2019110501003342,PRVU,32,22,100,266,26600.00,2019-11-06 08:20:42.914023
631,2019110501003343,NCCB,28,7,100,205,20500.00,2019-11-06 08:20:42.914023
632,2019110501003344,SRBL,50,33,150,210,31500.00,2019-11-06 08:20:42.914023
633,2019110501003345,MERO,51,45,30,566,16980.00,2019-11-06 08:20:42.914023
634,2019110501003346,SIC,42,36,15,451,6765.00,2019-11-06 08:20:42.914023
635,2019110501003347,SIC,22,36,25,450,11250.00,2019-11-06 08:20:42.914023
636,2019110501003348,SIC,42,36,50,450,22500.00,2019-11-06 08:20:42.914023
637,2019110501003349,SIC,43,36,30,446,13380.00,2019-11-06 08:20:42.914023
638,2019110501003350,SIC,6,36,86,446,38356.00,2019-11-06 08:20:42.914023
639,2019110501003351,MSLB,40,57,20,851,17020.00,2019-11-06 08:20:42.914023
640,2019110501003352,MSLB,41,57,20,851,17020.00,2019-11-06 08:20:42.914023
641,2019110501003353,MSLB,39,57,10,850,8500.00,2019-11-06 08:20:42.914023
642,2019110501003354,HIDCL,1,36,10,138,1380.00,2019-11-06 08:20:42.914023
643,2019110501003355,API,42,32,10,108,1080.00,2019-11-06 08:20:42.914023
644,2019110501003356,CLBSL,41,47,50,462,23100.00,2019-11-06 08:20:42.914023
645,2019110501003302,SCB,59,41,60,560,33600.00,2019-11-06 08:20:42.914023
646,2019110501003303,SCB,41,41,28,558,15624.00,2019-11-06 08:20:42.914023
647,2019110501003304,MLBL,49,4,46,211,9706.00,2019-11-06 08:20:42.914023
648,2019110501003305,MLBL,13,4,200,211,42200.00,2019-11-06 08:20:42.914023
649,2019110501003306,MLBL,13,4,100,211,21100.00,2019-11-06 08:20:42.914023
650,2019110501003307,MLBL,59,4,500,211,105500.00,2019-11-06 08:20:42.914023
651,2019110501003308,MLBL,17,4,100,211,21100.00,2019-11-06 08:20:42.914023
652,2019110501003309,MLBL,25,4,200,211,42200.00,2019-11-06 08:20:42.914023
653,2019110501003310,MLBL,22,4,90,211,18990.00,2019-11-06 08:20:42.914023
654,2019110501003311,MLBL,42,4,20,211,4220.00,2019-11-06 08:20:42.914023
655,2019110501003312,MLBL,34,4,940,211,198340.00,2019-11-06 08:20:42.914023
656,2019110501003313,MLBL,13,4,50,211,10550.00,2019-11-06 08:20:42.914023
657,2019110501003314,MLBL,25,4,200,211,42200.00,2019-11-06 08:20:42.914023
658,2019110501003315,MLBL,6,4,454,211,95794.00,2019-11-06 08:20:42.914023
659,2019110501003316,MLBL,19,4,25,212,5300.00,2019-11-06 08:20:42.914023
660,2019110501003317,ADBL,1,10,20,416,8320.00,2019-11-06 08:20:42.914023
661,2019110501003318,ADBL,40,10,180,416,74880.00,2019-11-06 08:20:42.914023
662,2019110501003319,RADHI,6,50,12,133,1596.00,2019-11-06 08:20:42.914023
663,2019110501003320,CZBIL,22,42,378,192,72576.00,2019-11-06 08:20:42.914023
664,2019110501003321,CZBIL,22,55,622,192,119424.00,2019-11-06 08:20:42.914023
665,2019110501003322,PRVU,19,34,25,267,6675.00,2019-11-06 08:20:42.914023
666,2019110501003323,ALICL,28,58,100,312,31200.00,2019-11-06 08:20:42.914023
667,2019110501003324,GILB,53,34,199,870,173130.00,2019-11-06 08:20:42.914023
668,2019110501003325,PCBL,54,44,60,263,15780.00,2019-11-06 08:20:42.914023
669,2019110501003326,NICA,51,11,11,399,4389.00,2019-11-06 08:20:42.914023
670,2019110501003327,NICA,57,52,900,398,358200.00,2019-11-06 08:20:42.914023
671,2019110501003328,NADEP,58,58,360,391,140760.00,2019-11-06 08:20:42.914023
672,2019110501003329,SHIVM,41,28,100,488,48800.00,2019-11-06 08:20:42.914023
673,2019110501003262,MERO,21,45,10,566,5660.00,2019-11-06 08:20:42.914023
674,2019110501003263,SMFBS,14,37,10,775,7750.00,2019-11-06 08:20:42.914023
675,2019110501003264,SBL,42,7,42,289,12138.00,2019-11-06 08:20:42.914023
676,2019110501003265,SBL,51,7,300,289,86700.00,2019-11-06 08:20:42.914023
677,2019110501003266,SBL,32,7,500,289,144500.00,2019-11-06 08:20:42.914023
678,2019110501003267,SBL,22,7,20,289,5780.00,2019-11-06 08:20:42.914023
679,2019110501003268,SBL,53,7,500,289,144500.00,2019-11-06 08:20:42.914023
680,2019110501003269,SBL,38,7,400,289,115600.00,2019-11-06 08:20:42.914023
681,2019110501003270,SBL,39,7,50,289,14450.00,2019-11-06 08:20:42.914023
682,2019110501003271,SBL,22,7,100,289,28900.00,2019-11-06 08:20:42.914023
683,2019110501003272,SBL,49,7,288,289,83232.00,2019-11-06 08:20:42.914023
684,2019110501003273,CHCL,38,43,100,459,45900.00,2019-11-06 08:20:42.914023
685,2019110501003274,RHPL,14,39,10,172,1720.00,2019-11-06 08:20:42.914023
686,2019110501003275,ILBS,48,44,100,440,44000.00,2019-11-06 08:20:42.914023
687,2019110501003276,MLBL,45,56,280,212,59360.00,2019-11-06 08:20:42.914023
688,2019110501003277,MLBL,45,4,20,212,4240.00,2019-11-06 08:20:42.914023
689,2019110501003278,NLIC,8,52,200,797,159400.00,2019-11-06 08:20:42.914023
690,2019110501003279,MERO,21,45,10,566,5660.00,2019-11-06 08:20:42.914023
691,2019110501003280,ILBS,34,42,10,437,4370.00,2019-11-06 08:20:42.914023
692,2019110501003281,NLG,6,39,10,552,5520.00,2019-11-06 08:20:42.914023
693,2019110501003282,NLG,51,39,30,550,16500.00,2019-11-06 08:20:42.914023
694,2019110501003283,NLG,13,39,200,550,110000.00,2019-11-06 08:20:42.914023
695,2019110501003284,MDB,25,28,20,242,4840.00,2019-11-06 08:20:42.914023
696,2019110501003285,MDB,13,28,69,240,16560.00,2019-11-06 08:20:42.914023
697,2019110501003286,MDB,38,28,200,240,48000.00,2019-11-06 08:20:42.914023
698,2019110501003287,MDB,1,28,20,240,4800.00,2019-11-06 08:20:42.914023
699,2019110501003288,MDB,43,28,200,240,48000.00,2019-11-06 08:20:42.914023
700,2019110501003289,MDB,17,28,53,240,12720.00,2019-11-06 08:20:42.914023
701,2019110501003290,SJCL,14,39,10,168,1680.00,2019-11-06 08:20:42.914023
702,2019110501003291,ALICL,21,58,100,312,31200.00,2019-11-06 08:20:42.914023
703,2019110501003292,CBL,17,21,30,141,4230.00,2019-11-06 08:20:42.914023
704,2019110501003293,HBL,44,26,300,494,148200.00,2019-11-06 08:20:42.914023
705,2019110501003294,NIB,59,8,331,445,147295.00,2019-11-06 08:20:42.914023
706,2019110501003295,NIB,58,8,100,444,44400.00,2019-11-06 08:20:42.914023
707,2019110501003296,NIB,39,8,50,444,22200.00,2019-11-06 08:20:42.914023
708,2019110501003297,NIB,35,8,200,444,88800.00,2019-11-06 08:20:42.914023
709,2019110501003298,NIB,33,8,50,444,22200.00,2019-11-06 08:20:42.914023
710,2019110501003299,NIB,7,8,35,444,15540.00,2019-11-06 08:20:42.914023
711,2019110501003300,NIB,32,8,234,444,103896.00,2019-11-06 08:20:42.914023
712,2019110501003301,PRVU,42,34,50,267,13350.00,2019-11-06 08:20:42.914023
713,2019110501003241,AKBSL,43,36,10,411,4110.00,2019-11-06 08:20:42.914023
714,2019110501003242,PRIN,56,32,100,314,31400.00,2019-11-06 08:20:42.914023
715,2019110501003243,BOKL,58,57,20,227,4540.00,2019-11-06 08:20:42.914023
716,2019110501003244,CCBL,33,21,188,157,29516.00,2019-11-06 08:20:42.914023
717,2019110501003245,SMB,38,37,10,400,4000.00,2019-11-06 08:20:42.914023
718,2019110501003246,PPCL,45,50,10,96,960.00,2019-11-06 08:20:42.914023
719,2019110501003247,MBL,33,58,10,228,2280.00,2019-11-06 08:20:42.914023
720,2019110501003248,HPPL,45,35,10,137,1370.00,2019-11-06 08:20:42.914023
721,2019110501003249,AKBSL,48,1,10,414,4140.00,2019-11-06 08:20:42.914023
722,2019110501003250,AKBSL,48,1,10,414,4140.00,2019-11-06 08:20:42.914023
723,2019110501003251,AKBSL,48,1,10,414,4140.00,2019-11-06 08:20:42.914023
724,2019110501003252,AKBSL,48,42,10,414,4140.00,2019-11-06 08:20:42.914023
725,2019110501003253,MLBL,45,56,50,212,10600.00,2019-11-06 08:20:42.914023
726,2019110501003254,SJCL,41,51,30,168,5040.00,2019-11-06 08:20:42.914023
727,2019110501003255,SJCL,52,51,260,168,43680.00,2019-11-06 08:20:42.914023
728,2019110501003256,SJCL,52,51,50,168,8400.00,2019-11-06 08:20:42.914023
729,2019110501003257,SJCL,14,51,160,168,26880.00,2019-11-06 08:20:42.914023
730,2019110501003258,MLBL,52,56,100,212,21200.00,2019-11-06 08:20:42.914023
731,2019110501003259,NICA,57,22,100,398,39800.00,2019-11-06 08:20:42.914023
732,2019110501003260,VLBS,21,50,90,564,50760.00,2019-11-06 08:20:42.914023
733,2019110501003261,NBL,26,44,20,316,6320.00,2019-11-06 08:20:42.914023
734,2019110501003225,SPARS,56,14,10,525,5250.00,2019-11-06 08:20:42.914023
735,2019110501003226,SRBL,50,33,70,210,14700.00,2019-11-06 08:20:42.914023
736,2019110501003227,FMDBL,42,51,200,310,62000.00,2019-11-06 08:20:42.914023
737,2019110501003228,MLBL,58,56,50,212,10600.00,2019-11-06 08:20:42.914023
738,2019110501003229,NLIC,8,7,22,797,17534.00,2019-11-06 08:20:42.914023
739,2019110501003230,SBI,49,21,50,405,20250.00,2019-11-06 08:20:42.914023
740,2019110501003231,NLBBL,25,51,10,514,5140.00,2019-11-06 08:20:42.914023
741,2019110501003232,PRVU,32,7,80,266,21280.00,2019-11-06 08:20:42.914023
742,2019110501003233,NLG,26,35,10,561,5610.00,2019-11-06 08:20:42.914023
743,2019110501003234,ILBS,56,38,100,438,43800.00,2019-11-06 08:20:42.914023
744,2019110501003235,ILBS,55,38,20,437,8740.00,2019-11-06 08:20:42.914023
745,2019110501003236,ILBS,48,38,60,437,26220.00,2019-11-06 08:20:42.914023
746,2019110501003237,ILBS,34,38,85,437,37145.00,2019-11-06 08:20:42.914023
747,2019110501003238,ADBL,1,41,17,416,7072.00,2019-11-06 08:20:42.914023
748,2019110501003239,NBL,4,25,500,316,158000.00,2019-11-06 08:20:42.914023
749,2019110501003240,RHPL,14,37,40,172,6880.00,2019-11-06 08:20:42.914023
750,2019110501003195,EBL,58,58,3,556,1668.00,2019-11-06 08:20:42.914023
751,2019110501003196,NLIC,58,52,11,797,8767.00,2019-11-06 08:20:42.914023
752,2019110501003197,NLIC,8,52,124,797,98828.00,2019-11-06 08:20:42.914023
753,2019110501003198,NIBPO,8,35,200,410,82000.00,2019-11-06 08:20:42.914023
754,2019110501003199,KRBL,6,25,125,100,12500.00,2019-11-06 08:20:42.914023
755,2019110501003200,KRBL,57,25,200,100,20000.00,2019-11-06 08:20:42.914023
756,2019110501003201,KRBL,34,25,500,99,49500.00,2019-11-06 08:20:42.914023
757,2019110501003202,KRBL,42,25,50,99,4950.00,2019-11-06 08:20:42.914023
758,2019110501003203,SLBBL,38,10,104,570,59280.00,2019-11-06 08:20:42.914023
759,2019110501003204,NTC,59,33,10,623,6230.00,2019-11-06 08:20:42.914023
760,2019110501003205,NHDL,7,50,10,96,960.00,2019-11-06 08:20:42.914023
761,2019110501003206,SJCL,48,51,500,168,84000.00,2019-11-06 08:20:42.914023
762,2019110501003207,SRBL,26,7,50,210,10500.00,2019-11-06 08:20:42.914023
763,2019110501003208,SRBL,22,7,20,210,4200.00,2019-11-06 08:20:42.914023
764,2019110501003209,SRBL,50,7,930,210,195300.00,2019-11-06 08:20:42.914023
765,2019110501003210,KRBL,34,25,294,98,28812.00,2019-11-06 08:20:42.914023
766,2019110501003211,MERO,39,6,176,566,99616.00,2019-11-06 08:20:42.914023
767,2019110501003212,MERO,39,6,24,567,13608.00,2019-11-06 08:20:42.914023
768,2019110501003213,CZBIL,44,22,247,191,47177.00,2019-11-06 08:20:42.914023
769,2019110501003214,NIB,59,7,69,445,30705.00,2019-11-06 08:20:42.914023
770,2019110501003215,NLBBL,37,19,500,510,255000.00,2019-11-06 08:20:42.914023
771,2019110501003216,IGI,36,25,50,290,14500.00,2019-11-06 08:20:42.914023
772,2019110501003217,EIC,22,38,20,223,4460.00,2019-11-06 08:20:42.914023
773,2019110501003218,EIC,52,38,480,223,107040.00,2019-11-06 08:20:42.914023
774,2019110501003219,SBL,51,33,50,290,14500.00,2019-11-06 08:20:42.914023
775,2019110501003220,PFL,20,50,11,134,1474.00,2019-11-06 08:20:42.914023
776,2019110501003221,SHINE,49,49,7752,253,1961256.00,2019-11-06 08:20:42.914023
777,2019110501003222,ADBL,1,50,100,416,41600.00,2019-11-06 08:20:42.914023
778,2019110501003223,MEGA,17,14,100,189,18900.00,2019-11-06 08:20:42.914023
779,2019110501003224,KBL,58,51,40,182,7280.00,2019-11-06 08:20:42.914023
780,2019110501003174,NTC,37,42,50,621,31050.00,2019-11-06 08:20:42.914023
781,2019110501003175,GBBL,1,43,38,224,8512.00,2019-11-06 08:20:42.914023
782,2019110501003176,SLBBL,45,36,53,570,30210.00,2019-11-06 08:20:42.914023
783,2019110501003177,SLBBL,38,36,51,570,29070.00,2019-11-06 08:20:42.914023
784,2019110501003178,DHPL,34,50,11,49,539.00,2019-11-06 08:20:42.914023
785,2019110501003179,NIB,28,49,390,445,173550.00,2019-11-06 08:20:42.914023
786,2019110501003180,NIB,28,13,80,445,35600.00,2019-11-06 08:20:42.914023
787,2019110501003181,NIB,28,29,100,445,44500.00,2019-11-06 08:20:42.914023
788,2019110501003182,NIB,28,44,430,445,191350.00,2019-11-06 08:20:42.914023
789,2019110501003183,PLIC,26,51,40,320,12800.00,2019-11-06 08:20:42.914023
790,2019110501003184,HDL,53,25,50,1540,77000.00,2019-11-06 08:20:42.914023
791,2019110501003185,NIB,59,44,70,445,31150.00,2019-11-06 08:20:42.914023
792,2019110501003186,NIB,59,44,200,445,89000.00,2019-11-06 08:20:42.914023
793,2019110501003187,NIB,59,7,70,445,31150.00,2019-11-06 08:20:42.914023
794,2019110501003188,GILB,25,34,11,870,9570.00,2019-11-06 08:20:42.914023
795,2019110501003189,MLBL,1,56,200,212,42400.00,2019-11-06 08:20:42.914023
796,2019110501003190,MERO,39,6,100,566,56600.00,2019-11-06 08:20:42.914023
797,2019110501003191,EDBL,44,52,100,264,26400.00,2019-11-06 08:20:42.914023
798,2019110501003192,KRBL,57,25,88,101,8888.00,2019-11-06 08:20:42.914023
799,2019110501003193,GILB,21,21,3,855,2565.00,2019-11-06 08:20:42.914023
800,2019110501003194,SLBSL,22,53,10,720,7200.00,2019-11-06 08:20:42.914023
801,2019110501003162,MERO,22,34,33,566,18678.00,2019-11-06 08:20:42.914023
802,2019110501003163,SCB,59,20,340,560,190400.00,2019-11-06 08:20:42.914023
803,2019110501003164,SLBBL,45,7,47,570,26790.00,2019-11-06 08:20:42.914023
804,2019110501003165,NIL,49,55,500,377,188500.00,2019-11-06 08:20:42.914023
805,2019110501003166,MLBL,45,4,20,212,4240.00,2019-11-06 08:20:42.914023
806,2019110501003167,MLBL,40,4,740,212,156880.00,2019-11-06 08:20:42.914023
807,2019110501003168,BPCL,53,50,11,364,4004.00,2019-11-06 08:20:42.914023
808,2019110501003169,MLBL,40,56,20,212,4240.00,2019-11-06 08:20:42.914023
809,2019110501003170,EBL,52,38,70,557,38990.00,2019-11-06 08:20:42.914023
810,2019110501003171,EBL,44,44,500,557,278500.00,2019-11-06 08:20:42.914023
811,2019110501003172,PRVU,32,22,108,266,28728.00,2019-11-06 08:20:42.914023
812,2019110501003173,MERO,22,6,24,566,13584.00,2019-11-06 08:20:42.914023
813,2019110501003138,LBL,43,16,13,220,2860.00,2019-11-06 08:20:42.914023
814,2019110501003139,LBL,43,6,428,220,94160.00,2019-11-06 08:20:42.914023
815,2019110501003140,LBL,43,59,500,220,110000.00,2019-11-06 08:20:42.914023
816,2019110501003141,GILB,53,7,100,872,87200.00,2019-11-06 08:20:42.914023
817,2019110501003142,GILB,42,7,100,870,87000.00,2019-11-06 08:20:42.914023
818,2019110501003143,GILB,45,7,10,870,8700.00,2019-11-06 08:20:42.914023
819,2019110501003144,PLIC,39,35,149,315,46935.00,2019-11-06 08:20:42.914023
820,2019110501003145,NADEP,56,55,20,390,7800.00,2019-11-06 08:20:42.914023
821,2019110501003146,MNBBL,26,44,200,317,63400.00,2019-11-06 08:20:42.914023
822,2019110501003147,NBL,25,44,251,316,79316.00,2019-11-06 08:20:42.914023
823,2019110501003148,CBBL,22,25,52,964,50128.00,2019-11-06 08:20:42.914023
824,2019110501003149,SRBL,41,7,50,211,10550.00,2019-11-06 08:20:42.914023
825,2019110501003150,MERO,22,34,33,566,18678.00,2019-11-06 08:20:42.914023
826,2019110501003151,UPCL,6,29,10,75,750.00,2019-11-06 08:20:42.914023
827,2019110501003152,UPCL,6,59,350,75,26250.00,2019-11-06 08:20:42.914023
828,2019110501003153,BPCL,53,36,11,364,4004.00,2019-11-06 08:20:42.914023
829,2019110501003154,ALICL,57,8,40,311,12440.00,2019-11-06 08:20:42.914023
830,2019110501003155,ALICL,34,8,60,311,18660.00,2019-11-06 08:20:42.914023
831,2019110501003156,GBLBS,18,22,15,310,4650.00,2019-11-06 08:20:42.914023
832,2019110501003157,GBLBS,18,42,450,310,139500.00,2019-11-06 08:20:42.914023
833,2019110501003158,GBLBS,18,42,20,310,6200.00,2019-11-06 08:20:42.914023
834,2019110501003159,NABIL,22,58,10,768,7680.00,2019-11-06 08:20:42.914023
835,2019110501003160,SCB,59,20,400,560,224000.00,2019-11-06 08:20:42.914023
836,2019110501003161,PPCL,45,57,30,96,2880.00,2019-11-06 08:20:42.914023
837,2019110501003113,NICA,6,55,544,398,216512.00,2019-11-06 08:20:42.914023
838,2019110501003114,PCBL,43,5,22,263,5786.00,2019-11-06 08:20:42.914023
839,2019110501003115,PIC,22,36,11,364,4004.00,2019-11-06 08:20:42.914023
840,2019110501003116,PCBL,43,44,978,263,257214.00,2019-11-06 08:20:42.914023
841,2019110501003117,JBBL,22,22,30,158,4740.00,2019-11-06 08:20:42.914023
842,2019110501003118,MERO,22,26,10,566,5660.00,2019-11-06 08:20:42.914023
843,2019110501003119,PRVU,29,5,47,266,12502.00,2019-11-06 08:20:42.914023
844,2019110501003120,PRVU,59,5,370,266,98420.00,2019-11-06 08:20:42.914023
845,2019110501003121,PRVU,32,5,24,266,6384.00,2019-11-06 08:20:42.914023
846,2019110501003122,GILB,44,42,18,877,15786.00,2019-11-06 08:20:42.914023
847,2019110501003123,GILB,50,42,20,876,17520.00,2019-11-06 08:20:42.914023
848,2019110501003124,RHPL,54,51,10,171,1710.00,2019-11-06 08:20:42.914023
849,2019110501003125,BPCL,53,36,11,364,4004.00,2019-11-06 08:20:42.914023
850,2019110501003126,SLBBL,52,10,66,570,37620.00,2019-11-06 08:20:42.914023
851,2019110501003127,NBL,25,44,200,316,63200.00,2019-11-06 08:20:42.914023
852,2019110501003128,NABIL,8,42,690,768,529920.00,2019-11-06 08:20:42.914023
853,2019110501003129,GMFBS,14,41,10,453,4530.00,2019-11-06 08:20:42.914023
854,2019110501003130,GILB,33,34,50,876,43800.00,2019-11-06 08:20:42.914023
855,2019110501003131,GILB,1,34,200,875,175000.00,2019-11-06 08:20:42.914023
856,2019110501003132,GILB,48,34,51,875,44625.00,2019-11-06 08:20:42.914023
857,2019110501003133,GILB,57,34,50,874,43700.00,2019-11-06 08:20:42.914023
858,2019110501003134,GILB,32,34,31,874,27094.00,2019-11-06 08:20:42.914023
859,2019110501003135,SJCL,48,51,10,168,1680.00,2019-11-06 08:20:42.914023
860,2019110501003136,MLBL,45,4,100,212,21200.00,2019-11-06 08:20:42.914023
861,2019110501003137,RHPL,54,58,10,171,1710.00,2019-11-06 08:20:42.914023
862,2019110501003097,SLBBL,21,10,30,570,17100.00,2019-11-06 08:20:42.914023
863,2019110501003098,MLBL,26,4,40,212,8480.00,2019-11-06 08:20:42.914023
864,2019110501003099,MEGA,47,5,110,188,20680.00,2019-11-06 08:20:42.914023
865,2019110501003100,NLIC,10,10,7,800,5600.00,2019-11-06 08:20:42.914023
866,2019110501003101,MERO,29,41,21,565,11865.00,2019-11-06 08:20:42.914023
867,2019110501003102,NLBBL,25,55,50,510,25500.00,2019-11-06 08:20:42.914023
868,2019110501003103,IGI,32,28,4,285,1140.00,2019-11-06 08:20:42.914023
869,2019110501003104,NIB,59,5,18,444,7992.00,2019-11-06 08:20:42.914023
870,2019110501003105,UPCL,52,51,50,74,3700.00,2019-11-06 08:20:42.914023
871,2019110501003106,JBBL,22,22,30,158,4740.00,2019-11-06 08:20:42.914023
872,2019110501003107,SBI,21,16,200,406,81200.00,2019-11-06 08:20:42.914023
873,2019110501003108,SBI,21,45,144,406,58464.00,2019-11-06 08:20:42.914023
874,2019110501003109,MERO,29,52,29,565,16385.00,2019-11-06 08:20:42.914023
875,2019110501003110,MERO,29,52,50,565,28250.00,2019-11-06 08:20:42.914023
876,2019110501003111,MERO,42,52,30,565,16950.00,2019-11-06 08:20:42.914023
877,2019110501003112,MERO,41,52,100,565,56500.00,2019-11-06 08:20:42.914023
878,2019110501003071,IGI,36,25,150,290,43500.00,2019-11-06 08:20:42.914023
879,2019110501003072,SJCL,48,22,10,168,1680.00,2019-11-06 08:20:42.914023
880,2019110501003073,EBL,52,36,30,557,16710.00,2019-11-06 08:20:42.914023
881,2019110501003074,CBL,43,51,1171,142,166282.00,2019-11-06 08:20:42.914023
882,2019110501003075,CBL,43,58,829,142,117718.00,2019-11-06 08:20:42.914023
883,2019110501003076,SBL,42,36,88,289,25432.00,2019-11-06 08:20:42.914023
884,2019110501003077,PRVU,19,34,20,267,5340.00,2019-11-06 08:20:42.914023
885,2019110501003078,CBL,43,58,171,142,24282.00,2019-11-06 08:20:42.914023
886,2019110501003079,CBL,43,22,400,142,56800.00,2019-11-06 08:20:42.914023
887,2019110501003080,CBL,43,56,150,142,21300.00,2019-11-06 08:20:42.914023
888,2019110501003081,CBL,43,7,979,142,139018.00,2019-11-06 08:20:42.914023
889,2019110501003082,RHPL,54,22,10,171,1710.00,2019-11-06 08:20:42.914023
890,2019110501003083,NADEP,22,36,20,387,7740.00,2019-11-06 08:20:42.914023
891,2019110501003084,SCB,22,20,20,560,11200.00,2019-11-06 08:20:42.914023
892,2019110501003085,MLBL,34,4,100,212,21200.00,2019-11-06 08:20:42.914023
893,2019110501003086,EDBL,20,54,117,263,30771.00,2019-11-06 08:20:42.914023
894,2019110501003087,SANIMA,48,56,17,305,5185.00,2019-11-06 08:20:42.914023
895,2019110501003088,SANIMA,1,56,20,305,6100.00,2019-11-06 08:20:42.914023
896,2019110501003089,SANIMA,14,56,100,305,30500.00,2019-11-06 08:20:42.914023
897,2019110501003090,SANIMA,29,56,2000,305,610000.00,2019-11-06 08:20:42.914023
898,2019110501003091,SANIMA,22,56,20,305,6100.00,2019-11-06 08:20:42.914023
899,2019110501003092,NICL,25,34,10,265,2650.00,2019-11-06 08:20:42.914023
900,2019110501003093,GILB,14,45,50,880,44000.00,2019-11-06 08:20:42.914023
901,2019110501003094,BPCL,53,22,22,364,8008.00,2019-11-06 08:20:42.914023
902,2019110501003095,MERO,36,6,291,566,164706.00,2019-11-06 08:20:42.914023
903,2019110501003096,MERO,35,6,200,566,113200.00,2019-11-06 08:20:42.914023
904,2019110501003048,NBL,4,44,500,316,158000.00,2019-11-06 08:20:42.914023
905,2019110501003049,GBLBS,44,22,10,308,3080.00,2019-11-06 08:20:42.914023
906,2019110501003050,RHPL,54,37,30,171,5130.00,2019-11-06 08:20:42.914023
907,2019110501003051,CBBL,45,37,15,969,14535.00,2019-11-06 08:20:42.914023
908,2019110501003052,ADBL,39,36,16,415,6640.00,2019-11-06 08:20:42.914023
909,2019110501003053,MLBL,56,4,100,212,21200.00,2019-11-06 08:20:42.914023
910,2019110501003054,BPCL,53,22,22,364,8008.00,2019-11-06 08:20:42.914023
911,2019110501003055,SJCL,48,37,20,168,3360.00,2019-11-06 08:20:42.914023
912,2019110501003056,RHPL,54,36,40,171,6840.00,2019-11-06 08:20:42.914023
913,2019110501003057,RHPL,54,1,70,171,11970.00,2019-11-06 08:20:42.914023
914,2019110501003058,SJCL,48,57,20,168,3360.00,2019-11-06 08:20:42.914023
915,2019110501003059,SJCL,48,36,20,168,3360.00,2019-11-06 08:20:42.914023
916,2019110501003060,MLBL,34,4,300,212,63600.00,2019-11-06 08:20:42.914023
917,2019110501003061,SKBBL,51,48,150,933,139950.00,2019-11-06 08:20:42.914023
918,2019110501003062,SMFBS,14,22,10,780,7800.00,2019-11-06 08:20:42.914023
919,2019110501003063,GMFBS,14,37,10,453,4530.00,2019-11-06 08:20:42.914023
920,2019110501003064,ALBSL,22,21,10,389,3890.00,2019-11-06 08:20:42.914023
921,2019110501003065,ALBSL,22,21,10,389,3890.00,2019-11-06 08:20:42.914023
922,2019110501003066,ALBSL,22,55,10,393,3930.00,2019-11-06 08:20:42.914023
923,2019110501003067,MERO,29,13,24,566,13584.00,2019-11-06 08:20:42.914023
924,2019110501003068,MERO,25,13,32,566,18112.00,2019-11-06 08:20:42.914023
925,2019110501003069,MERO,36,13,44,566,24904.00,2019-11-06 08:20:42.914023
926,2019110501003070,IGI,42,25,50,290,14500.00,2019-11-06 08:20:42.914023
927,2019110501003033,NABIL,41,42,60,768,46080.00,2019-11-06 08:20:42.914023
928,2019110501003034,CBBL,45,37,15,969,14535.00,2019-11-06 08:20:42.914023
929,2019110501003035,SJCL,48,1,420,168,70560.00,2019-11-06 08:20:42.914023
930,2019110501003036,PLIC,39,37,50,311,15550.00,2019-11-06 08:20:42.914023
931,2019110501003037,GLBSL,38,36,50,419,20950.00,2019-11-06 08:20:42.914023
932,2019110501003038,HGI,11,4,250,266,66500.00,2019-11-06 08:20:42.914023
933,2019110501003039,HGI,11,1,500,266,133000.00,2019-11-06 08:20:42.914023
934,2019110501003040,HGI,11,7,500,266,133000.00,2019-11-06 08:20:42.914023
935,2019110501003041,MEGA,34,44,2901,189,548289.00,2019-11-06 08:20:42.914023
936,2019110501003042,NEF,45,41,1931,7.53,14540.43,2019-11-06 08:20:42.914023
937,2019110501003043,RHPL,54,22,10,171,1710.00,2019-11-06 08:20:42.914023
938,2019110501003044,SRBL,52,7,1300,211,274300.00,2019-11-06 08:20:42.914023
939,2019110501003045,NADEP,22,36,10,387,3870.00,2019-11-06 08:20:42.914023
940,2019110501003046,NADEP,22,36,100,387,38700.00,2019-11-06 08:20:42.914023
941,2019110501003047,ILBS,48,44,100,440,44000.00,2019-11-06 08:20:42.914023
942,2019110501003003,UPPER,43,36,40,235,9400.00,2019-11-06 08:20:42.914023
943,2019110501003004,FOWAD,52,33,20,1325,26500.00,2019-11-06 08:20:42.914023
944,2019110501003005,FOWAD,52,14,10,1325,13250.00,2019-11-06 08:20:42.914023
945,2019110501003006,FOWAD,52,35,50,1325,66250.00,2019-11-06 08:20:42.914023
946,2019110501003007,FOWAD,52,38,35,1326,46410.00,2019-11-06 08:20:42.914023
947,2019110501003008,PRVU,20,34,113,267,30171.00,2019-11-06 08:20:42.914023
948,2019110501003009,PRVU,20,34,287,267,76629.00,2019-11-06 08:20:42.914023
949,2019110501003010,UPPER,57,42,50,236,11800.00,2019-11-06 08:20:42.914023
950,2019110501003011,SRBL,52,7,700,211,147700.00,2019-11-06 08:20:42.914023
951,2019110501003012,LICN,56,26,40,982,39280.00,2019-11-06 08:20:42.914023
952,2019110501003013,NEF,45,41,1931,7.53,14540.43,2019-11-06 08:20:42.914023
953,2019110501003014,PRVU,11,34,100,267,26700.00,2019-11-06 08:20:42.914023
954,2019110501003015,CBL,42,51,10,142,1420.00,2019-11-06 08:20:42.914023
955,2019110501003016,NABIL,22,57,240,767,184080.00,2019-11-06 08:20:42.914023
956,2019110501003017,MBL,26,7,100,228,22800.00,2019-11-06 08:20:42.914023
957,2019110501003018,MBL,33,7,900,228,205200.00,2019-11-06 08:20:42.914023
958,2019110501003019,CHCL,45,28,10,459,4590.00,2019-11-06 08:20:42.914023
959,2019110501003020,CHCL,57,28,50,459,22950.00,2019-11-06 08:20:42.914023
960,2019110501003021,CHCL,1,28,500,459,229500.00,2019-11-06 08:20:42.914023
961,2019110501003022,GBLBS,44,36,85,308,26180.00,2019-11-06 08:20:42.914023
962,2019110501003023,EBL,1,38,195,558,108810.00,2019-11-06 08:20:42.914023
963,2019110501003024,ALBSL,56,58,10,386,3860.00,2019-11-06 08:20:42.914023
964,2019110501003025,ALBSL,56,58,10,386,3860.00,2019-11-06 08:20:42.914023
965,2019110501003026,ALBSL,56,58,10,386,3860.00,2019-11-06 08:20:42.914023
966,2019110501003027,CBBL,49,32,200,965,193000.00,2019-11-06 08:20:42.914023
967,2019110501003028,CBBL,41,32,100,965,96500.00,2019-11-06 08:20:42.914023
968,2019110501003029,CBBL,36,32,55,964,53020.00,2019-11-06 08:20:42.914023
969,2019110501003030,CBBL,14,32,11,964,10604.00,2019-11-06 08:20:42.914023
970,2019110501003031,CBBL,22,32,109,964,105076.00,2019-11-06 08:20:42.914023
971,2019110501003032,PCBL,43,53,750,263,197250.00,2019-11-06 08:20:42.914023
972,2019110501002984,API,25,38,50,109,5450.00,2019-11-06 08:20:42.914023
973,2019110501002985,PRVU,52,34,100,267,26700.00,2019-11-06 08:20:42.914023
974,2019110501002986,GMFBS,14,36,10,453,4530.00,2019-11-06 08:20:42.914023
975,2019110501002987,LBL,4,45,54,219,11826.00,2019-11-06 08:20:42.914023
976,2019110501002988,LBL,38,45,500,219,109500.00,2019-11-06 08:20:42.914023
977,2019110501002989,LBL,40,45,100,219,21900.00,2019-11-06 08:20:42.914023
978,2019110501002990,LBL,43,45,200,219,43800.00,2019-11-06 08:20:42.914023
979,2019110501002991,LBL,38,45,146,219,31974.00,2019-11-06 08:20:42.914023
980,2019110501002992,SBL,20,7,200,290,58000.00,2019-11-06 08:20:42.914023
981,2019110501002993,NADEP,22,58,20,387,7740.00,2019-11-06 08:20:42.914023
982,2019110501002994,NSEWA,6,40,10,375,3750.00,2019-11-06 08:20:42.914023
983,2019110501002995,UPPER,43,51,20,235,4700.00,2019-11-06 08:20:42.914023
984,2019110501002996,SBI,58,45,10,406,4060.00,2019-11-06 08:20:42.914023
985,2019110501002997,AKBSL,56,43,20,413,8260.00,2019-11-06 08:20:42.914023
986,2019110501002998,KBL,58,36,53,182,9646.00,2019-11-06 08:20:42.914023
987,2019110501002999,CEFL,25,42,200,104,20800.00,2019-11-06 08:20:42.914023
988,2019110501003000,UIC,51,54,50,244,12200.00,2019-11-06 08:20:42.914023
989,2019110501003001,SCB,41,20,90,560,50400.00,2019-11-06 08:20:42.914023
990,2019110501003002,NIB,58,49,10,445,4450.00,2019-11-06 08:20:42.914023
991,2019110501002960,PIC,39,51,10,362,3620.00,2019-11-06 08:20:42.914023
992,2019110501002961,DBBL,41,50,500,124,62000.00,2019-11-06 08:20:42.914023
993,2019110501002962,EBL,36,38,155,557,86335.00,2019-11-06 08:20:42.914023
994,2019110501002963,EBL,36,8,300,558,167400.00,2019-11-06 08:20:42.914023
995,2019110501002964,EBL,36,38,85,558,47430.00,2019-11-06 08:20:42.914023
996,2019110501002965,EBL,36,50,153,558,85374.00,2019-11-06 08:20:42.914023
997,2019110501002966,EBL,36,58,467,559,261053.00,2019-11-06 08:20:42.914023
998,2019110501002967,PCBL,47,44,577,262,151174.00,2019-11-06 08:20:42.914023
999,2019110501002968,BARUN,48,34,10,95,950.00,2019-11-06 08:20:42.914023
1000,2019110501002969,JFL,25,28,30,194,5820.00,2019-11-06 08:20:42.914023
1001,2019110501002970,SBL,14,7,50,290,14500.00,2019-11-06 08:20:42.914023
1002,2019110501002971,ADBL,42,50,200,416,83200.00,2019-11-06 08:20:42.914023
1003,2019110501002972,PIC,39,33,29,362,10498.00,2019-11-06 08:20:42.914023
1004,2019110501002973,PIC,39,33,56,360,20160.00,2019-11-06 08:20:42.914023
1005,2019110501002974,PCBL,21,42,50,263,13150.00,2019-11-06 08:20:42.914023
1006,2019110501002975,PCBL,21,53,250,263,65750.00,2019-11-06 08:20:42.914023
1007,2019110501002976,PIC,22,59,50,364,18200.00,2019-11-06 08:20:42.914023
1008,2019110501002977,NBL,25,44,31,316,9796.00,2019-11-06 08:20:42.914023
1009,2019110501002978,NBL,25,57,120,316,37920.00,2019-11-06 08:20:42.914023
1010,2019110501002979,NBL,25,44,49,316,15484.00,2019-11-06 08:20:42.914023
1011,2019110501002980,CBBL,58,36,10,966,9660.00,2019-11-06 08:20:42.914023
1012,2019110501002981,NADEP,22,58,20,387,7740.00,2019-11-06 08:20:42.914023
1013,2019110501002982,MEGA,34,58,599,189,113211.00,2019-11-06 08:20:42.914023
1014,2019110501002983,MEGA,34,57,500,189,94500.00,2019-11-06 08:20:42.914023
1015,2019110501002927,SBL,29,7,220,290,63800.00,2019-11-06 08:20:42.914023
1016,2019110501002928,PFL,20,45,13,134,1742.00,2019-11-06 08:20:42.914023
1017,2019110501002929,HDL,58,45,20,1530,30600.00,2019-11-06 08:20:42.914023
1018,2019110501002930,HDL,58,45,100,1530,153000.00,2019-11-06 08:20:42.914023
1019,2019110501002931,AKBSL,56,3,10,413,4130.00,2019-11-06 08:20:42.914023
1020,2019110501002932,AKBSL,56,3,10,413,4130.00,2019-11-06 08:20:42.914023
1021,2019110501002933,AKBSL,56,3,10,413,4130.00,2019-11-06 08:20:42.914023
1022,2019110501002934,AKBSL,56,3,10,413,4130.00,2019-11-06 08:20:42.914023
1023,2019110501002935,AKBSL,56,3,10,413,4130.00,2019-11-06 08:20:42.914023
1024,2019110501002936,AKBSL,56,3,10,413,4130.00,2019-11-06 08:20:42.914023
1025,2019110501002937,AKBSL,56,3,10,413,4130.00,2019-11-06 08:20:42.914023
1026,2019110501002938,AKBSL,56,3,10,413,4130.00,2019-11-06 08:20:42.914023
1027,2019110501002939,NIB,22,52,100,445,44500.00,2019-11-06 08:20:42.914023
1028,2019110501002940,MERO,19,1,33,567,18711.00,2019-11-06 08:20:42.914023
1029,2019110501002941,MERO,19,1,33,567,18711.00,2019-11-06 08:20:42.914023
1030,2019110501002942,MERO,19,1,33,567,18711.00,2019-11-06 08:20:42.914023
1031,2019110501002943,NTC,25,25,1000,623,623000.00,2019-11-06 08:20:42.914023
1032,2019110501002944,GILB,53,29,50,878,43900.00,2019-11-06 08:20:42.914023
1033,2019110501002945,GILB,44,29,82,877,71914.00,2019-11-06 08:20:42.914023
1034,2019110501002946,SMFBS,32,45,10,782,7820.00,2019-11-06 08:20:42.914023
1035,2019110501002947,HDL,4,6,20,1535,30700.00,2019-11-06 08:20:42.914023
1036,2019110501002948,HDL,4,32,100,1539,153900.00,2019-11-06 08:20:42.914023
1037,2019110501002949,HDL,4,17,100,1540,154000.00,2019-11-06 08:20:42.914023
1038,2019110501002950,GBBL,39,22,50,223,11150.00,2019-11-06 08:20:42.914023
1039,2019110501002951,GBBL,1,22,150,223,33450.00,2019-11-06 08:20:42.914023
1040,2019110501002952,MEGA,8,44,1572,188,295536.00,2019-11-06 08:20:42.914023
1041,2019110501002953,MEGA,45,44,100,188,18800.00,2019-11-06 08:20:42.914023
1042,2019110501002954,MEGA,50,44,200,188,37600.00,2019-11-06 08:20:42.914023
1043,2019110501002955,MEGA,6,44,10,188,1880.00,2019-11-06 08:20:42.914023
1044,2019110501002956,MEGA,51,44,18,188,3384.00,2019-11-06 08:20:42.914023
1045,2019110501002957,NBB,57,34,716,206,147496.00,2019-11-06 08:20:42.914023
1046,2019110501002958,CHCL,25,22,20,460,9200.00,2019-11-06 08:20:42.914023
1047,2019110501002959,MERO,29,6,245,566,138670.00,2019-11-06 08:20:42.914023
1048,2019110501002913,UPPER,43,42,150,235,35250.00,2019-11-06 08:20:42.914023
1049,2019110501002914,KBL,22,49,100,183,18300.00,2019-11-06 08:20:42.914023
1050,2019110501002915,FMDBL,25,51,230,309,71070.00,2019-11-06 08:20:42.914023
1051,2019110501002916,FMDBL,42,51,168,309,51912.00,2019-11-06 08:20:42.914023
1052,2019110501002917,NADEP,58,19,20,387,7740.00,2019-11-06 08:20:42.914023
1053,2019110501002918,NADEP,57,19,50,387,19350.00,2019-11-06 08:20:42.914023
1054,2019110501002919,NADEP,22,19,10,387,3870.00,2019-11-06 08:20:42.914023
1055,2019110501002920,NIB,25,25,1180,445,525100.00,2019-11-06 08:20:42.914023
1056,2019110501002921,UPPER,25,33,50,236,11800.00,2019-11-06 08:20:42.914023
1057,2019110501002922,NBL,4,49,31,316,9796.00,2019-11-06 08:20:42.914023
1058,2019110501002923,NBL,4,44,969,316,306204.00,2019-11-06 08:20:42.914023
1059,2019110501002924,PIC,39,14,11,362,3982.00,2019-11-06 08:20:42.914023
1060,2019110501002925,BPCL,53,45,11,364,4004.00,2019-11-06 08:20:42.914023
1061,2019110501002926,SAPDBL,55,25,300,120,36000.00,2019-11-06 08:20:42.914023
1062,2019110501002892,UPPER,43,4,10,235,2350.00,2019-11-06 08:20:42.914023
1063,2019110501002893,MERO,22,34,33,566,18678.00,2019-11-06 08:20:42.914023
1064,2019110501002894,API,58,25,82,108,8856.00,2019-11-06 08:20:42.914023
1065,2019110501002895,API,35,25,368,108,39744.00,2019-11-06 08:20:42.914023
1066,2019110501002896,CBBL,58,34,10,966,9660.00,2019-11-06 08:20:42.914023
1067,2019110501002897,EBL,44,41,100,556,55600.00,2019-11-06 08:20:42.914023
1068,2019110501002898,MLBL,34,4,400,212,84800.00,2019-11-06 08:20:42.914023
1069,2019110501002899,MLBL,35,4,200,212,42400.00,2019-11-06 08:20:42.914023
1070,2019110501002900,GBLBS,28,51,166,309,51294.00,2019-11-06 08:20:42.914023
1071,2019110501002901,GBLBS,14,51,100,309,30900.00,2019-11-06 08:20:42.914023
1072,2019110501002902,GBLBS,44,51,234,308,72072.00,2019-11-06 08:20:42.914023
1073,2019110501002903,PCBL,54,44,100,263,26300.00,2019-11-06 08:20:42.914023
1074,2019110501002904,LGIL,7,29,200,318,63600.00,2019-11-06 08:20:42.914023
1075,2019110501002905,SLICL,44,34,17,258,4386.00,2019-11-06 08:20:42.914023
1076,2019110501002906,SLICL,57,34,30,258,7740.00,2019-11-06 08:20:42.914023
1077,2019110501002907,SLICL,22,34,200,258,51600.00,2019-11-06 08:20:42.914023
1078,2019110501002908,SLICL,5,34,198,258,51084.00,2019-11-06 08:20:42.914023
1079,2019110501002909,NICA,21,55,100,398,39800.00,2019-11-06 08:20:42.914023
1080,2019110501002910,MERO,29,29,200,566,113200.00,2019-11-06 08:20:42.914023
1081,2019110501002911,LGIL,7,6,78,318,24804.00,2019-11-06 08:20:42.914023
1082,2019110501002912,SABSL,56,56,10,450,4500.00,2019-11-06 08:20:42.914023
1083,2019110501002870,SFFIL,7,28,265,184,48760.00,2019-11-06 08:20:42.914023
1084,2019110501002871,CHCL,45,42,94,459,43146.00,2019-11-06 08:20:42.914023
1085,2019110501002872,CHCL,45,43,400,459,183600.00,2019-11-06 08:20:42.914023
1086,2019110501002873,PIC,22,59,20,364,7280.00,2019-11-06 08:20:42.914023
1087,2019110501002874,NLIC,56,17,50,798,39900.00,2019-11-06 08:20:42.914023
1088,2019110501002875,MNBBL,29,57,30,316,9480.00,2019-11-06 08:20:42.914023
1089,2019110501002876,SLICL,22,49,20,260,5200.00,2019-11-06 08:20:42.914023
1090,2019110501002877,SBL,43,7,120,290,34800.00,2019-11-06 08:20:42.914023
1091,2019110501002878,SBL,8,7,200,290,58000.00,2019-11-06 08:20:42.914023
1092,2019110501002879,SBL,25,7,100,290,29000.00,2019-11-06 08:20:42.914023
1093,2019110501002880,SBL,7,7,200,290,58000.00,2019-11-06 08:20:42.914023
1094,2019110501002881,SBL,29,7,500,290,145000.00,2019-11-06 08:20:42.914023
1095,2019110501002882,SBL,7,7,100,290,29000.00,2019-11-06 08:20:42.914023
1096,2019110501002883,SBL,29,7,1780,290,516200.00,2019-11-06 08:20:42.914023
1097,2019110501002884,NTC,58,34,10,621,6210.00,2019-11-06 08:20:42.914023
1098,2019110501002885,NTC,8,34,100,621,62100.00,2019-11-06 08:20:42.914023
1099,2019110501002886,NTC,37,34,390,621,242190.00,2019-11-06 08:20:42.914023
1100,2019110501002887,SMFBS,32,57,10,782,7820.00,2019-11-06 08:20:42.914023
1101,2019110501002888,EBL,45,57,50,557,27850.00,2019-11-06 08:20:42.914023
1102,2019110501002889,NBB,41,34,150,206,30900.00,2019-11-06 08:20:42.914023
1103,2019110501002890,NMBHF1,43,43,6000,8.67,52020.00,2019-11-06 08:20:42.914023
1104,2019110501002891,NTC,59,34,10,624,6240.00,2019-11-06 08:20:42.914023
1105,2019110501002847,PIC,22,45,12,363,4356.00,2019-11-06 08:20:42.914023
1106,2019110501002848,SBL,26,45,100,291,29100.00,2019-11-06 08:20:42.914023
1107,2019110501002849,NLBBL,42,6,150,510,76500.00,2019-11-06 08:20:42.914023
1108,2019110501002850,NBB,44,34,500,206,103000.00,2019-11-06 08:20:42.914023
1109,2019110501002851,SLBBL,29,7,100,568,56800.00,2019-11-06 08:20:42.914023
1110,2019110501002852,SLICL,22,49,20,260,5200.00,2019-11-06 08:20:42.914023
1111,2019110501002853,SFFIL,6,28,30,190,5700.00,2019-11-06 08:20:42.914023
1112,2019110501002854,SFFIL,42,28,25,190,4750.00,2019-11-06 08:20:42.914023
1113,2019110501002855,SFFIL,26,28,60,187,11220.00,2019-11-06 08:20:42.914023
1114,2019110501002856,SFFIL,49,28,200,187,37400.00,2019-11-06 08:20:42.914023
1115,2019110501002857,SFFIL,34,28,10,187,1870.00,2019-11-06 08:20:42.914023
1116,2019110501002858,BOKL,52,57,52,226,11752.00,2019-11-06 08:20:42.914023
1117,2019110501002859,ADBL,39,38,200,415,83000.00,2019-11-06 08:20:42.914023
1118,2019110501002860,NCCB,28,13,347,205,71135.00,2019-11-06 08:20:42.914023
1119,2019110501002861,NLBBL,25,6,31,506,15686.00,2019-11-06 08:20:42.914023
1120,2019110501002862,SFFIL,7,28,100,185,18500.00,2019-11-06 08:20:42.914023
1121,2019110501002863,SFFIL,55,28,50,185,9250.00,2019-11-06 08:20:42.914023
1122,2019110501002864,SFFIL,44,28,530,184,97520.00,2019-11-06 08:20:42.914023
1123,2019110501002865,CBBL,45,34,20,967,19340.00,2019-11-06 08:20:42.914023
1124,2019110501002866,CBBL,58,34,40,966,38640.00,2019-11-06 08:20:42.914023
1125,2019110501002867,AKBSL,56,56,10,412,4120.00,2019-11-06 08:20:42.914023
1126,2019110501002868,NICA,58,55,86,398,34228.00,2019-11-06 08:20:42.914023
1127,2019110501002869,NICA,41,55,270,398,107460.00,2019-11-06 08:20:42.914023
1128,2019110501002838,MLBL,34,4,200,212,42400.00,2019-11-06 08:20:42.914023
1129,2019110501002839,NBB,55,34,202,205,41410.00,2019-11-06 08:20:42.914023
1130,2019110501002840,HBL,44,7,400,494,197600.00,2019-11-06 08:20:42.914023
1131,2019110501002841,NLIC,8,56,12,797,9564.00,2019-11-06 08:20:42.914023
1132,2019110501002842,SBI,41,34,133,405,53865.00,2019-11-06 08:20:42.914023
1133,2019110501002843,SBI,49,34,121,405,49005.00,2019-11-06 08:20:42.914023
1134,2019110501002844,LLBS,57,57,16,658,10528.00,2019-11-06 08:20:42.914023
1135,2019110501002845,FMDBL,25,14,70,309,21630.00,2019-11-06 08:20:42.914023
1136,2019110501002846,NABIL,45,57,20,767,15340.00,2019-11-06 08:20:42.914023
1137,2019110501002823,FOWAD,41,50,63,1322,83286.00,2019-11-06 08:20:42.914023
1138,2019110501002824,SABSL,56,38,10,450,4500.00,2019-11-06 08:20:42.914023
1139,2019110501002825,CCBL,49,39,129,156,20124.00,2019-11-06 08:20:42.914023
1140,2019110501002826,PRVU,26,34,100,267,26700.00,2019-11-06 08:20:42.914023
1141,2019110501002827,SRBL,7,7,100,211,21100.00,2019-11-06 08:20:42.914023
1142,2019110501002828,SABSL,56,38,10,450,4500.00,2019-11-06 08:20:42.914023
1143,2019110501002829,JFL,42,21,20,193,3860.00,2019-11-06 08:20:42.914023
1144,2019110501002830,NIB,26,6,100,445,44500.00,2019-11-06 08:20:42.914023
1145,2019110501002831,SBL,26,45,100,291,29100.00,2019-11-06 08:20:42.914023
1146,2019110501002832,PMHPL,49,32,10,86,860.00,2019-11-06 08:20:42.914023
1147,2019110501002833,PMHPL,49,28,10,86,860.00,2019-11-06 08:20:42.914023
1148,2019110501002834,EBL,44,34,91,556,50596.00,2019-11-06 08:20:42.914023
1149,2019110501002835,CBBL,44,37,90,968,87120.00,2019-11-06 08:20:42.914023
1150,2019110501002836,MEGA,28,44,100,189,18900.00,2019-11-06 08:20:42.914023
1151,2019110501002837,NBB,45,34,30,206,6180.00,2019-11-06 08:20:42.914023
1152,2019110501002802,PRVU,48,34,400,267,106800.00,2019-11-06 08:20:42.914023
1153,2019110501002803,NLBBL,21,37,100,510,51000.00,2019-11-06 08:20:42.914023
1154,2019110501002804,NLBBL,42,37,50,510,25500.00,2019-11-06 08:20:42.914023
1155,2019110501002805,NBB,55,34,300,206,61800.00,2019-11-06 08:20:42.914023
1156,2019110501002806,NBB,25,34,200,206,41200.00,2019-11-06 08:20:42.914023
1157,2019110501002807,NBB,47,34,100,206,20600.00,2019-11-06 08:20:42.914023
1158,2019110501002808,HBL,22,7,100,495,49500.00,2019-11-06 08:20:42.914023
1159,2019110501002809,RHPL,54,21,40,171,6840.00,2019-11-06 08:20:42.914023
1160,2019110501002810,SJCL,48,21,20,168,3360.00,2019-11-06 08:20:42.914023
1161,2019110501002811,SABSL,56,38,10,450,4500.00,2019-11-06 08:20:42.914023
1162,2019110501002812,PCBL,45,44,10,263,2630.00,2019-11-06 08:20:42.914023
1163,2019110501002813,NBB,6,32,500,205,102500.00,2019-11-06 08:20:42.914023
1164,2019110501002814,NBB,26,32,300,205,61500.00,2019-11-06 08:20:42.914023
1165,2019110501002815,NBB,56,32,200,205,41000.00,2019-11-06 08:20:42.914023
1166,2019110501002816,NBB,55,32,28,205,5740.00,2019-11-06 08:20:42.914023
1167,2019110501002817,SPARS,56,21,10,521,5210.00,2019-11-06 08:20:42.914023
1168,2019110501002818,SABSL,56,38,10,450,4500.00,2019-11-06 08:20:42.914023
1169,2019110501002819,GLICL,6,42,20,353,7060.00,2019-11-06 08:20:42.914023
1170,2019110501002820,GLICL,51,42,30,353,10590.00,2019-11-06 08:20:42.914023
1171,2019110501002821,GLICL,8,42,50,353,17650.00,2019-11-06 08:20:42.914023
1172,2019110501002822,AKBSL,56,56,10,412,4120.00,2019-11-06 08:20:42.914023
1173,2019110501002790,RSDC,56,56,39,322,12558.00,2019-11-06 08:20:42.914023
1174,2019110501002791,EIC,59,54,80,224,17920.00,2019-11-06 08:20:42.914023
1175,2019110501002792,EIC,22,54,100,224,22400.00,2019-11-06 08:20:42.914023
1176,2019110501002793,EIC,22,54,20,224,4480.00,2019-11-06 08:20:42.914023
1177,2019110501002794,EIC,49,54,93,223,20739.00,2019-11-06 08:20:42.914023
1178,2019110501002795,EIC,42,54,100,223,22300.00,2019-11-06 08:20:42.914023
1179,2019110501002796,EIC,55,54,307,222,68154.00,2019-11-06 08:20:42.914023
1180,2019110501002797,RHPL,54,21,40,171,6840.00,2019-11-06 08:20:42.914023
1181,2019110501002798,SRBL,7,7,200,211,42200.00,2019-11-06 08:20:42.914023
1182,2019110501002799,SJCL,48,21,20,168,3360.00,2019-11-06 08:20:42.914023
1183,2019110501002800,GMFBS,39,21,10,452,4520.00,2019-11-06 08:20:42.914023
1184,2019110501002801,PCBL,47,33,23,262,6026.00,2019-11-06 08:20:42.914023
1185,2019110501002781,NABIL,41,58,54,767,41418.00,2019-11-06 08:20:42.914023
1186,2019110501002782,UPPER,43,57,440,235,103400.00,2019-11-06 08:20:42.914023
1187,2019110501002783,ALICL,57,53,10,311,3110.00,2019-11-06 08:20:42.914023
1188,2019110501002784,MNBBL,13,44,100,317,31700.00,2019-11-06 08:20:42.914023
1189,2019110501002785,JFL,6,28,100,194,19400.00,2019-11-06 08:20:42.914023
1190,2019110501002786,ADBL,39,49,58,415,24070.00,2019-11-06 08:20:42.914023
1191,2019110501002787,NBB,55,33,40,206,8240.00,2019-11-06 08:20:42.914023
1192,2019110501002788,ILBS,48,21,10,437,4370.00,2019-11-06 08:20:42.914023
1193,2019110501002789,NBL,50,49,169,316,53404.00,2019-11-06 08:20:42.914023
1194,2019110501002766,RHPL,54,21,40,171,6840.00,2019-11-06 08:20:42.914023
1195,2019110501002767,UIC,3,54,50,244,12200.00,2019-11-06 08:20:42.914023
1196,2019110501002768,NABIL,48,58,65,767,49855.00,2019-11-06 08:20:42.914023
1197,2019110501002769,BOKL,39,7,429,226,96954.00,2019-11-06 08:20:42.914023
1198,2019110501002770,BOKL,42,7,200,226,45200.00,2019-11-06 08:20:42.914023
1199,2019110501002771,BOKL,25,7,100,226,22600.00,2019-11-06 08:20:42.914023
1200,2019110501002772,BOKL,6,7,500,226,113000.00,2019-11-06 08:20:42.914023
1201,2019110501002773,BOKL,52,7,1500,226,339000.00,2019-11-06 08:20:42.914023
1202,2019110501002774,BOKL,52,7,1381,226,312106.00,2019-11-06 08:20:42.914023
1203,2019110501002775,SJCL,48,21,20,168,3360.00,2019-11-06 08:20:42.914023
1204,2019110501002776,SABSL,56,56,10,450,4500.00,2019-11-06 08:20:42.914023
1205,2019110501002777,MLBL,13,4,300,212,63600.00,2019-11-06 08:20:42.914023
1206,2019110501002778,NABIL,52,58,17,767,13039.00,2019-11-06 08:20:42.914023
1207,2019110501002779,MERO,45,52,67,565,37855.00,2019-11-06 08:20:42.914023
1208,2019110501002780,MERO,22,52,12,564,6768.00,2019-11-06 08:20:42.914023
1209,2019110501002750,PRVU,6,34,20,267,5340.00,2019-11-06 08:20:42.914023
1210,2019110501002751,NBL,50,46,169,316,53404.00,2019-11-06 08:20:42.914023
1211,2019110501002752,NBL,50,46,500,316,158000.00,2019-11-06 08:20:42.914023
1212,2019110501002753,NBL,50,46,131,316,41396.00,2019-11-06 08:20:42.914023
1213,2019110501002754,RHPL,54,53,40,171,6840.00,2019-11-06 08:20:42.914023
1214,2019110501002755,MERO,45,38,33,566,18678.00,2019-11-06 08:20:42.914023
1215,2019110501002756,SPARS,56,21,10,521,5210.00,2019-11-06 08:20:42.914023
1216,2019110501002757,NABIL,6,58,20,767,15340.00,2019-11-06 08:20:42.914023
1217,2019110501002758,SABSL,56,56,10,450,4500.00,2019-11-06 08:20:42.914023
1218,2019110501002759,PRVU,50,34,499,267,133233.00,2019-11-06 08:20:42.914023
1219,2019110501002760,TMDBL,59,59,30,153,4590.00,2019-11-06 08:20:42.914023
1220,2019110501002761,GBBL,6,22,100,223,22300.00,2019-11-06 08:20:42.914023
1221,2019110501002762,BNT,34,34,10,6250,62500.00,2019-11-06 08:20:42.914023
1222,2019110501002763,GLBSL,38,21,10,419,4190.00,2019-11-06 08:20:42.914023
1223,2019110501002764,CHCL,42,58,14,460,6440.00,2019-11-06 08:20:42.914023
1224,2019110501002765,CHCL,42,22,36,460,16560.00,2019-11-06 08:20:42.914023
1225,2019110501002720,RHPL,59,47,30,172,5160.00,2019-11-06 08:20:42.914023
1226,2019110501002721,RHPL,59,47,30,172,5160.00,2019-11-06 08:20:42.914023
1227,2019110501002722,RHPL,59,47,30,172,5160.00,2019-11-06 08:20:42.914023
1228,2019110501002723,RHPL,59,47,30,172,5160.00,2019-11-06 08:20:42.914023
1229,2019110501002724,RHPL,59,47,30,172,5160.00,2019-11-06 08:20:42.914023
1230,2019110501002725,RHPL,59,47,30,172,5160.00,2019-11-06 08:20:42.914023
1231,2019110501002726,RHPL,59,47,30,172,5160.00,2019-11-06 08:20:42.914023
1232,2019110501002727,RHPL,59,47,30,172,5160.00,2019-11-06 08:20:42.914023
1233,2019110501002728,RHPL,59,47,30,172,5160.00,2019-11-06 08:20:42.914023
1234,2019110501002729,RHPL,59,47,30,172,5160.00,2019-11-06 08:20:42.914023
1235,2019110501002730,RHPL,59,47,30,172,5160.00,2019-11-06 08:20:42.914023
1236,2019110501002731,RHPL,59,47,30,172,5160.00,2019-11-06 08:20:42.914023
1237,2019110501002732,SABSL,56,56,10,450,4500.00,2019-11-06 08:20:42.914023
1238,2019110501002733,ILBS,48,25,10,437,4370.00,2019-11-06 08:20:42.914023
1239,2019110501002734,NBB,39,22,169,206,34814.00,2019-11-06 08:20:42.914023
1240,2019110501002735,NBB,55,22,55,206,11330.00,2019-11-06 08:20:42.914023
1241,2019110501002736,RHPL,54,21,40,171,6840.00,2019-11-06 08:20:42.914023
1242,2019110501002737,ILBS,48,25,10,437,4370.00,2019-11-06 08:20:42.914023
1243,2019110501002738,SJCL,48,53,20,168,3360.00,2019-11-06 08:20:42.914023
1244,2019110501002739,MERO,11,38,67,566,37922.00,2019-11-06 08:20:42.914023
1245,2019110501002740,CHCL,45,43,349,459,160191.00,2019-11-06 08:20:42.914023
1246,2019110501002741,NCCB,58,50,636,206,131016.00,2019-11-06 08:20:42.914023
1247,2019110501002742,NCCB,58,34,364,206,74984.00,2019-11-06 08:20:42.914023
1248,2019110501002743,PRVU,47,34,732,267,195444.00,2019-11-06 08:20:42.914023
1249,2019110501002744,PRVU,47,34,768,267,205056.00,2019-11-06 08:20:42.914023
1250,2019110501002745,SABSL,56,21,10,450,4500.00,2019-11-06 08:20:42.914023
1251,2019110501002746,SABSL,56,56,10,450,4500.00,2019-11-06 08:20:42.914023
1252,2019110501002747,MLBL,54,51,387,212,82044.00,2019-11-06 08:20:42.914023
1253,2019110501002748,MLBL,54,33,113,213,24069.00,2019-11-06 08:20:42.914023
1254,2019110501002749,SJCL,48,21,20,168,3360.00,2019-11-06 08:20:42.914023
1255,2019110501002687,RHPL,54,21,40,171,6840.00,2019-11-06 08:20:42.914023
1256,2019110501002688,HIDCL,45,45,91,137,12467.00,2019-11-06 08:20:42.914023
1257,2019110501002689,HIDCL,45,35,55,138,7590.00,2019-11-06 08:20:42.914023
1258,2019110501002690,HIDCL,45,28,400,139,55600.00,2019-11-06 08:20:42.914023
1259,2019110501002691,HIDCL,45,39,200,139,27800.00,2019-11-06 08:20:42.914023
1260,2019110501002692,HIDCL,45,56,50,139,6950.00,2019-11-06 08:20:42.914023
1261,2019110501002693,HIDCL,45,39,490,140,68600.00,2019-11-06 08:20:42.914023
1262,2019110501002694,HIDCL,45,45,100,140,14000.00,2019-11-06 08:20:42.914023
1263,2019110501002695,HIDCL,45,43,64,140,8960.00,2019-11-06 08:20:42.914023
1264,2019110501002696,API,25,38,102,109,11118.00,2019-11-06 08:20:42.914023
1265,2019110501002697,GILB,42,38,10,878,8780.00,2019-11-06 08:20:42.914023
1266,2019110501002698,GILB,17,38,50,878,43900.00,2019-11-06 08:20:42.914023
1267,2019110501002699,GILB,46,38,50,878,43900.00,2019-11-06 08:20:42.914023
1268,2019110501002700,GILB,41,38,300,878,263400.00,2019-11-06 08:20:42.914023
1269,2019110501002701,SJCL,48,21,20,168,3360.00,2019-11-06 08:20:42.914023
1270,2019110501002702,NABIL,21,58,140,767,107380.00,2019-11-06 08:20:42.914023
1271,2019110501002703,SABSL,56,56,10,450,4500.00,2019-11-06 08:20:42.914023
1272,2019110501002704,CBL,28,51,100,142,14200.00,2019-11-06 08:20:42.914023
1273,2019110501002705,RHPL,54,57,30,171,5130.00,2019-11-06 08:20:42.914023
1274,2019110501002706,ILBS,48,25,10,437,4370.00,2019-11-06 08:20:42.914023
1275,2019110501002707,MEGA,47,53,700,188,131600.00,2019-11-06 08:20:42.914023
1276,2019110501002708,MEGA,8,53,300,188,56400.00,2019-11-06 08:20:42.914023
1277,2019110501002709,RHPL,54,51,40,171,6840.00,2019-11-06 08:20:42.914023
1278,2019110501002710,CBL,17,33,11,141,1551.00,2019-11-06 08:20:42.914023
1279,2019110501002711,MLBL,17,4,300,211,63300.00,2019-11-06 08:20:42.914023
1280,2019110501002712,MLBL,14,4,100,211,21100.00,2019-11-06 08:20:42.914023
1281,2019110501002713,MLBL,35,4,100,211,21100.00,2019-11-06 08:20:42.914023
1282,2019110501002714,MLBL,58,4,46,211,9706.00,2019-11-06 08:20:42.914023
1283,2019110501002715,MLBL,19,4,900,211,189900.00,2019-11-06 08:20:42.914023
1284,2019110501002716,MLBL,25,4,200,211,42200.00,2019-11-06 08:20:42.914023
1285,2019110501002717,MLBL,35,4,500,211,105500.00,2019-11-06 08:20:42.914023
1286,2019110501002718,MLBL,49,4,2954,211,623294.00,2019-11-06 08:20:42.914023
1287,2019110501002719,PRVU,25,34,100,267,26700.00,2019-11-06 08:20:42.914023
1288,2019110501002674,SADBL,4,45,2200,140,308000.00,2019-11-06 08:20:42.914023
1289,2019110501002675,EIC,59,34,370,224,82880.00,2019-11-06 08:20:42.914023
1290,2019110501002676,DHPL,34,22,10,49,490.00,2019-11-06 08:20:42.914023
1291,2019110501002677,ADBL,39,34,120,415,49800.00,2019-11-06 08:20:42.914023
1292,2019110501002678,RHPL,54,25,40,171,6840.00,2019-11-06 08:20:42.914023
1293,2019110501002679,GLICL,17,6,21,354,7434.00,2019-11-06 08:20:42.914023
1294,2019110501002680,PCBL,22,44,100,263,26300.00,2019-11-06 08:20:42.914023
1295,2019110501002681,MLBL,42,33,187,212,39644.00,2019-11-06 08:20:42.914023
1296,2019110501002682,MLBL,42,51,113,212,23956.00,2019-11-06 08:20:42.914023
1297,2019110501002683,SCB,19,21,10,558,5580.00,2019-11-06 08:20:42.914023
1298,2019110501002684,SCB,22,21,100,558,55800.00,2019-11-06 08:20:42.914023
1299,2019110501002685,SCB,19,21,90,557,50130.00,2019-11-06 08:20:42.914023
1300,2019110501002686,BPCL,53,28,384,364,139776.00,2019-11-06 08:20:42.914023
1301,2019110501002656,NNLB,25,39,30,434,13020.00,2019-11-06 08:20:42.914023
1302,2019110501002657,NNLB,25,28,30,437,13110.00,2019-11-06 08:20:42.914023
1303,2019110501002658,NNLB,25,32,50,438,21900.00,2019-11-06 08:20:42.914023
1304,2019110501002659,PPCL,45,40,10,96,960.00,2019-11-06 08:20:42.914023
1305,2019110501002660,SJCL,26,26,20,169,3380.00,2019-11-06 08:20:42.914023
1306,2019110501002661,API,25,52,175,109,19075.00,2019-11-06 08:20:42.914023
1307,2019110501002662,API,25,41,29,109,3161.00,2019-11-06 08:20:42.914023
1308,2019110501002663,API,25,38,26,109,2834.00,2019-11-06 08:20:42.914023
1309,2019110501002664,RHPL,26,47,30,172,5160.00,2019-11-06 08:20:42.914023
1310,2019110501002665,RHPL,26,6,10,172,1720.00,2019-11-06 08:20:42.914023
1311,2019110501002666,ADBL,40,58,100,416,41600.00,2019-11-06 08:20:42.914023
1312,2019110501002667,GBLBS,28,11,134,309,41406.00,2019-11-06 08:20:42.914023
1313,2019110501002668,NABIL,41,7,40,765,30600.00,2019-11-06 08:20:42.914023
1314,2019110501002669,NABIL,25,7,100,765,76500.00,2019-11-06 08:20:42.914023
1315,2019110501002670,NABIL,17,7,30,765,22950.00,2019-11-06 08:20:42.914023
1316,2019110501002671,NABIL,19,7,400,765,306000.00,2019-11-06 08:20:42.914023
1317,2019110501002672,NABIL,42,7,30,765,22950.00,2019-11-06 08:20:42.914023
1318,2019110501002673,CZBIL,44,40,25,191,4775.00,2019-11-06 08:20:42.914023
1319,2019110501002641,PPCL,18,40,10,97,970.00,2019-11-06 08:20:42.914023
1320,2019110501002642,SLBBL,1,6,20,569,11380.00,2019-11-06 08:20:42.914023
1321,2019110501002643,SLBBL,11,6,50,568,28400.00,2019-11-06 08:20:42.914023
1322,2019110501002644,AKPL,25,38,11,129,1419.00,2019-11-06 08:20:42.914023
1323,2019110501002645,PCBL,43,44,50,263,13150.00,2019-11-06 08:20:42.914023
1324,2019110501002646,MLBL,54,33,100,212,21200.00,2019-11-06 08:20:42.914023
1325,2019110501002647,SANIMA,48,35,100,305,30500.00,2019-11-06 08:20:42.914023
1326,2019110501002648,PPCL,18,40,10,97,970.00,2019-11-06 08:20:42.914023
1327,2019110501002649,LBBL,51,6,350,173,60550.00,2019-11-06 08:20:42.914023
