S.N,Contract_No,Stock_Symbol,Buyer_Broker,Seller_Broker,Quantity,Rate,Amount,Date
1,2019110701004929,GLICL,42,59,300,358,107400.00,2019-11-08 08:01:49.208601
2,2019110701004930,AKBSL,43,50,10,414,4140.00,2019-11-08 08:01:49.208601
3,2019110701004931,NLICL,42,56,30,423,12690.00,2019-11-08 08:01:49.208601
4,2019110701004932,NLICL,48,56,52,423,21996.00,2019-11-08 08:01:49.208601
5,2019110701004933,MEGA,58,3,288,185,53280.00,2019-11-08 08:01:49.208601
6,2019110701004934,MBL,35,38,90,225,20250.00,2019-11-08 08:01:49.208601
7,2019110701004935,PRVU,17,39,30,264,7920.00,2019-11-08 08:01:49.208601
8,2019110701004936,PRVU,29,39,500,264,132000.00,2019-11-08 08:01:49.208601
9,2019110701004937,PRVU,49,39,500,264,132000.00,2019-11-08 08:01:49.208601
10,2019110701004938,PRVU,54,39,1970,264,520080.00,2019-11-08 08:01:49.208601
11,2019110701004939,HURJA,42,50,100,101,10100.00,2019-11-08 08:01:49.208601
12,2019110701004940,NMB,28,43,130,347,45110.00,2019-11-08 08:01:49.208601
13,2019110701004941,NMB,28,5,70,347,24290.00,2019-11-08 08:01:49.208601
14,2019110701004942,KADBL,38,40,861,165,142065.00,2019-11-08 08:01:49.208601
15,2019110701004943,PRVU,54,25,30,264,7920.00,2019-11-08 08:01:49.208601
16,2019110701004944,PRVU,41,25,100,264,26400.00,2019-11-08 08:01:49.208601
17,2019110701004945,PRVU,33,25,65,264,17160.00,2019-11-08 08:01:49.208601
18,2019110701004946,NMB,17,5,400,347,138800.00,2019-11-08 08:01:49.208601
19,2019110701004947,HIDCL,42,44,30,133,3990.00,2019-11-08 08:01:49.208601
20,2019110701004948,HIDCL,39,44,200,133,26600.00,2019-11-08 08:01:49.208601
21,2019110701004949,HIDCL,39,44,500,132,66000.00,2019-11-08 08:01:49.208601
22,2019110701004950,HIDCL,45,44,100,132,13200.00,2019-11-08 08:01:49.208601
23,2019110701004951,HIDCL,56,44,500,132,66000.00,2019-11-08 08:01:49.208601
24,2019110701004952,HIDCL,38,44,100,132,13200.00,2019-11-08 08:01:49.208601
25,2019110701004953,HIDCL,58,44,1000,132,132000.00,2019-11-08 08:01:49.208601
26,2019110701004954,HIDCL,26,44,100,132,13200.00,2019-11-08 08:01:49.208601
27,2019110701004955,HIDCL,50,44,1000,131,131000.00,2019-11-08 08:01:49.208601
28,2019110701004956,HIDCL,38,44,1000,131,131000.00,2019-11-08 08:01:49.208601
29,2019110701004957,HIDCL,52,44,500,131,65500.00,2019-11-08 08:01:49.208601
30,2019110701004958,HIDCL,55,44,500,131,65500.00,2019-11-08 08:01:49.208601
31,2019110701004959,HIDCL,45,44,100,131,13100.00,2019-11-08 08:01:49.208601
32,2019110701004960,HIDCL,37,44,500,131,65500.00,2019-11-08 08:01:49.208601
33,2019110701004961,SJCL,38,47,20,165,3300.00,2019-11-08 08:01:49.208601
34,2019110701004962,MBL,35,38,85,225,19125.00,2019-11-08 08:01:49.208601
35,2019110701004963,CBBL,28,45,51,965,49215.00,2019-11-08 08:01:49.208601
36,2019110701004964,RHPL,19,28,20,171,3420.00,2019-11-08 08:01:49.208601
37,2019110701004965,BOKL,41,5,214,224,47936.00,2019-11-08 08:01:49.208601
38,2019110701004966,BOKL,8,5,1000,224,224000.00,2019-11-08 08:01:49.208601
39,2019110701004967,BOKL,21,5,300,224,67200.00,2019-11-08 08:01:49.208601
40,2019110701004968,BOKL,52,5,100,224,22400.00,2019-11-08 08:01:49.208601
41,2019110701004969,BOKL,21,5,1000,224,224000.00,2019-11-08 08:01:49.208601
42,2019110701004970,BOKL,50,5,1000,224,224000.00,2019-11-08 08:01:49.208601
43,2019110701004971,BOKL,59,5,200,224,44800.00,2019-11-08 08:01:49.208601
44,2019110701004972,BOKL,58,5,50,223,11150.00,2019-11-08 08:01:49.208601
45,2019110701004973,BOKL,6,5,2000,223,446000.00,2019-11-08 08:01:49.208601
46,2019110701004974,BOKL,57,5,21,223,4683.00,2019-11-08 08:01:49.208601
47,2019110701004975,BOKL,42,5,200,223,44600.00,2019-11-08 08:01:49.208601
48,2019110701004976,BOKL,4,5,200,223,44600.00,2019-11-08 08:01:49.208601
49,2019110701004977,BOKL,38,5,200,223,44600.00,2019-11-08 08:01:49.208601
50,2019110701004978,BOKL,4,5,200,222,44400.00,2019-11-08 08:01:49.208601
51,2019110701004979,BOKL,28,5,200,222,44400.00,2019-11-08 08:01:49.208601
52,2019110701004980,BOKL,44,5,200,222,44400.00,2019-11-08 08:01:49.208601
53,2019110701004981,BOKL,39,5,24,222,5328.00,2019-11-08 08:01:49.208601
54,2019110701004982,NBL,10,4,1800,310,558000.00,2019-11-08 08:01:49.208601
55,2019110701004983,CBL,21,16,692,140,96880.00,2019-11-08 08:01:49.208601
56,2019110701004984,CBL,52,16,200,140,28000.00,2019-11-08 08:01:49.208601
57,2019110701004985,CBL,56,16,200,140,28000.00,2019-11-08 08:01:49.208601
58,2019110701004986,CBL,42,16,100,140,14000.00,2019-11-08 08:01:49.208601
59,2019110701004987,CBL,6,16,50,140,7000.00,2019-11-08 08:01:49.208601
60,2019110701004988,CBL,42,16,500,140,70000.00,2019-11-08 08:01:49.208601
61,2019110701004989,CBL,59,16,1500,140,210000.00,2019-11-08 08:01:49.208601
62,2019110701004990,CBL,59,16,1746,140,244440.00,2019-11-08 08:01:49.208601
63,2019110701004991,DDBL,41,13,112,737,82544.00,2019-11-08 08:01:49.208601
64,2019110701004992,NCCB,33,49,30,205,6150.00,2019-11-08 08:01:49.208601
65,2019110701004993,NCCB,33,34,10,206,2060.00,2019-11-08 08:01:49.208601
66,2019110701004994,RMDC,39,19,304,615,186960.00,2019-11-08 08:01:49.208601
67,2019110701004995,SHIVM,46,5,350,480,168000.00,2019-11-08 08:01:49.208601
68,2019110701004996,PRVU,34,44,10,265,2650.00,2019-11-08 08:01:49.208601
69,2019110701004997,BOKL,42,25,259,226,58534.00,2019-11-08 08:01:49.208601
70,2019110701004998,AKBSL,43,17,10,415,4150.00,2019-11-08 08:01:49.208601
71,2019110701004999,AKBSL,43,57,10,415,4150.00,2019-11-08 08:01:49.208601
72,2019110701005000,SJCL,38,47,20,165,3300.00,2019-11-08 08:01:49.208601
73,2019110701005001,CCBL,49,45,100,155,15500.00,2019-11-08 08:01:49.208601
74,2019110701005002,SANIMA,14,50,43,306,13158.00,2019-11-08 08:01:49.208601
75,2019110701005003,HDL,58,1,10,1519,15190.00,2019-11-08 08:01:49.208601
76,2019110701005004,SRBL,32,51,151,205,30955.00,2019-11-08 08:01:49.208601
77,2019110701005005,SRBL,3,51,10,205,2050.00,2019-11-08 08:01:49.208601
78,2019110701005006,SRBL,14,51,100,205,20500.00,2019-11-08 08:01:49.208601
79,2019110701005007,NMB,49,53,875,346,302750.00,2019-11-08 08:01:49.208601
80,2019110701005008,NMB,49,53,517,346,178882.00,2019-11-08 08:01:49.208601
81,2019110701005009,BOKL,42,6,10,227,2270.00,2019-11-08 08:01:49.208601
82,2019110701005010,NMB,25,5,30,347,10410.00,2019-11-08 08:01:49.208601
83,2019110701005011,NMB,25,43,1000,347,347000.00,2019-11-08 08:01:49.208601
84,2019110701005012,NMB,25,43,1000,347,347000.00,2019-11-08 08:01:49.208601
85,2019110701005013,PROFL,55,29,20,96,1920.00,2019-11-08 08:01:49.208601
86,2019110701005014,PROFL,16,29,205,96,19680.00,2019-11-08 08:01:49.208601
87,2019110701005015,PRVU,6,44,22,265,5830.00,2019-11-08 08:01:49.208601
88,2019110701005016,RBCL,44,6,20,8025,160500.00,2019-11-08 08:01:49.208601
89,2019110701005017,NICA,38,28,100,399,39900.00,2019-11-08 08:01:49.208601
90,2019110701005018,NBL,10,38,350,311,108850.00,2019-11-08 08:01:49.208601
91,2019110701005019,NLICL,39,34,10,427,4270.00,2019-11-08 08:01:49.208601
92,2019110701005020,NMB,49,41,200,346,69200.00,2019-11-08 08:01:49.208601
93,2019110701005021,GILB,52,57,279,853,237987.00,2019-11-08 08:01:49.208601
94,2019110701005022,GILB,52,19,100,855,85500.00,2019-11-08 08:01:49.208601
95,2019110701005023,GILB,52,28,121,855,103455.00,2019-11-08 08:01:49.208601
96,2019110701005024,AKBSL,43,17,30,418,12540.00,2019-11-08 08:01:49.208601
97,2019110701005025,SWBBL,1,19,50,926,46300.00,2019-11-08 08:01:49.208601
98,2019110701005026,SWBBL,33,19,150,925,138750.00,2019-11-08 08:01:49.208601
99,2019110701005027,PCBL,43,29,18,262,4716.00,2019-11-08 08:01:49.208601
100,2019110701005028,MERO,36,32,10,439,4390.00,2019-11-08 08:01:49.208601
101,2019110701005029,MERO,32,32,40,437,17480.00,2019-11-08 08:01:49.208601
102,2019110701005030,NBL,49,47,100,310,31000.00,2019-11-08 08:01:49.208601
103,2019110701005031,NBL,34,47,90,309,27810.00,2019-11-08 08:01:49.208601
104,2019110701005032,NICA,38,28,100,399,39900.00,2019-11-08 08:01:49.208601
105,2019110701005033,SRBL,59,18,100,204,20400.00,2019-11-08 08:01:49.208601
106,2019110701005034,SRBL,32,18,250,204,51000.00,2019-11-08 08:01:49.208601
107,2019110701005035,SRBL,32,18,250,204,51000.00,2019-11-08 08:01:49.208601
108,2019110701005036,SRBL,54,18,15,204,3060.00,2019-11-08 08:01:49.208601
109,2019110701005037,NMB,34,43,50,347,17350.00,2019-11-08 08:01:49.208601
110,2019110701005038,NBL,34,4,50,309,15450.00,2019-11-08 08:01:49.208601
111,2019110701005039,HPPL,51,50,10,136,1360.00,2019-11-08 08:01:49.208601
112,2019110701005040,MSLB,50,22,10,855,8550.00,2019-11-08 08:01:49.208601
113,2019110701005041,NNLB,58,33,10,457,4570.00,2019-11-08 08:01:49.208601
114,2019110701005042,NBL,33,42,20,312,6240.00,2019-11-08 08:01:49.208601
115,2019110701005043,SWBBL,40,29,50,930,46500.00,2019-11-08 08:01:49.208601
116,2019110701005044,SWBBL,40,26,150,930,139500.00,2019-11-08 08:01:49.208601
117,2019110701005045,CZBIL,6,14,300,190,57000.00,2019-11-08 08:01:49.208601
118,2019110701005046,SJCL,38,16,20,165,3300.00,2019-11-08 08:01:49.208601
119,2019110701005047,NCCB,58,34,10,206,2060.00,2019-11-08 08:01:49.208601
120,2019110701005048,SKBBL,44,54,20,950,19000.00,2019-11-08 08:01:49.208601
121,2019110701004848,NMB,10,43,346,347,120062.00,2019-11-08 08:01:49.208601
122,2019110701004849,GILB,5,57,10,853,8530.00,2019-11-08 08:01:49.208601
123,2019110701004850,NTC,32,17,10,616,6160.00,2019-11-08 08:01:49.208601
124,2019110701004851,NTC,11,17,20,616,12320.00,2019-11-08 08:01:49.208601
125,2019110701004852,NTC,33,17,80,616,49280.00,2019-11-08 08:01:49.208601
126,2019110701004853,NTC,19,17,100,616,61600.00,2019-11-08 08:01:49.208601
127,2019110701004854,NTC,17,17,30,615,18450.00,2019-11-08 08:01:49.208601
128,2019110701004855,NTC,34,17,10,615,6150.00,2019-11-08 08:01:49.208601
129,2019110701004856,MLBL,45,32,100,184,18400.00,2019-11-08 08:01:49.208601
130,2019110701004857,NIB,40,19,11,444,4884.00,2019-11-08 08:01:49.208601
131,2019110701004858,NIB,39,19,100,444,44400.00,2019-11-08 08:01:49.208601
132,2019110701004859,NIB,39,19,200,444,88800.00,2019-11-08 08:01:49.208601
133,2019110701004860,NIB,59,19,100,443,44300.00,2019-11-08 08:01:49.208601
134,2019110701004861,NIB,43,19,16,443,7088.00,2019-11-08 08:01:49.208601
135,2019110701004862,NLICL,25,34,10,427,4270.00,2019-11-08 08:01:49.208601
136,2019110701004863,MBL,49,38,145,225,32625.00,2019-11-08 08:01:49.208601
137,2019110701004864,LBBL,17,22,300,172,51600.00,2019-11-08 08:01:49.208601
138,2019110701004865,NIB,40,13,50,445,22250.00,2019-11-08 08:01:49.208601
139,2019110701004866,SKBBL,44,55,20,940,18800.00,2019-11-08 08:01:49.208601
140,2019110701004867,SKBBL,44,17,50,943,47150.00,2019-11-08 08:01:49.208601
141,2019110701004868,SKBBL,44,8,100,945,94500.00,2019-11-08 08:01:49.208601
142,2019110701004869,LGIL,49,42,10,315,3150.00,2019-11-08 08:01:49.208601
143,2019110701004870,FOWAD,7,19,50,1329,66450.00,2019-11-08 08:01:49.208601
144,2019110701004871,SHIVM,46,3,100,480,48000.00,2019-11-08 08:01:49.208601
145,2019110701004872,KBL,14,28,100,179,17900.00,2019-11-08 08:01:49.208601
146,2019110701004873,KBL,49,28,500,179,89500.00,2019-11-08 08:01:49.208601
147,2019110701004874,NABIL,36,58,100,755,75500.00,2019-11-08 08:01:49.208601
148,2019110701004875,CFCL,36,17,265,109,28885.00,2019-11-08 08:01:49.208601
149,2019110701004876,CFCL,36,22,235,110,25850.00,2019-11-08 08:01:49.208601
150,2019110701004877,NMFBS,49,6,15,1690,25350.00,2019-11-08 08:01:49.208601
151,2019110701004878,NMB,32,43,100,347,34700.00,2019-11-08 08:01:49.208601
152,2019110701004879,SABSL,17,53,60,451,27060.00,2019-11-08 08:01:49.208601
153,2019110701004880,SABSL,57,53,100,451,45100.00,2019-11-08 08:01:49.208601
154,2019110701004881,MNBBL,20,53,20,318,6360.00,2019-11-08 08:01:49.208601
155,2019110701004882,NGPL,16,34,189,99,18711.00,2019-11-08 08:01:49.208601
156,2019110701004883,MBL,49,38,125,225,28125.00,2019-11-08 08:01:49.208601
157,2019110701004884,NBB,42,38,333,206,68598.00,2019-11-08 08:01:49.208601
158,2019110701004885,NBB,35,38,50,206,10300.00,2019-11-08 08:01:49.208601
159,2019110701004886,NBB,35,38,70,206,14420.00,2019-11-08 08:01:49.208601
160,2019110701004887,NBB,32,38,20,206,4120.00,2019-11-08 08:01:49.208601
161,2019110701004888,NBB,28,38,100,206,20600.00,2019-11-08 08:01:49.208601
162,2019110701004889,NBB,38,38,435,206,89610.00,2019-11-08 08:01:49.208601
163,2019110701004890,SWBBL,39,26,12,930,11160.00,2019-11-08 08:01:49.208601
164,2019110701004891,NLICL,40,56,18,424,7632.00,2019-11-08 08:01:49.208601
165,2019110701004892,NLICL,57,56,100,424,42400.00,2019-11-08 08:01:49.208601
166,2019110701004893,NBL,35,52,100,310,31000.00,2019-11-08 08:01:49.208601
167,2019110701004894,MBL,49,38,125,225,28125.00,2019-11-08 08:01:49.208601
168,2019110701004895,NABIL,4,58,20,755,15100.00,2019-11-08 08:01:49.208601
169,2019110701004896,PPCL,39,42,10,96,960.00,2019-11-08 08:01:49.208601
170,2019110701004897,NMB,36,43,50,347,17350.00,2019-11-08 08:01:49.208601
171,2019110701004898,GLICL,42,17,251,358,89858.00,2019-11-08 08:01:49.208601
172,2019110701004899,SHIVM,49,5,150,481,72150.00,2019-11-08 08:01:49.208601
173,2019110701004900,MBL,49,38,110,225,24750.00,2019-11-08 08:01:49.208601
174,2019110701004901,PLIC,6,40,450,313,140850.00,2019-11-08 08:01:49.208601
175,2019110701004902,NMFBS,21,6,10,1690,16900.00,2019-11-08 08:01:49.208601
176,2019110701004903,BPCL,33,6,100,364,36400.00,2019-11-08 08:01:49.208601
177,2019110701004904,BPCL,33,6,55,365,20075.00,2019-11-08 08:01:49.208601
178,2019110701004905,BPCL,33,47,10,368,3680.00,2019-11-08 08:01:49.208601
179,2019110701004906,NMB,14,43,504,347,174888.00,2019-11-08 08:01:49.208601
180,2019110701004907,NMB,14,43,496,347,172112.00,2019-11-08 08:01:49.208601
181,2019110701004908,CIT,51,44,18,1760,31680.00,2019-11-08 08:01:49.208601
182,2019110701004909,CIT,57,44,50,1760,88000.00,2019-11-08 08:01:49.208601
183,2019110701004910,CIT,34,44,100,1757,175700.00,2019-11-08 08:01:49.208601
184,2019110701004911,CIT,25,44,100,1756,175600.00,2019-11-08 08:01:49.208601
185,2019110701004912,CIT,56,44,112,1755,196560.00,2019-11-08 08:01:49.208601
186,2019110701004913,CIT,21,44,10,1755,17550.00,2019-11-08 08:01:49.208601
187,2019110701004914,SJCL,38,45,10,165,1650.00,2019-11-08 08:01:49.208601
188,2019110701004915,TRH,56,16,40,281,11240.00,2019-11-08 08:01:49.208601
189,2019110701004916,GBLBS,26,3,150,305,45750.00,2019-11-08 08:01:49.208601
190,2019110701004917,KADBL,38,40,75,166,12450.00,2019-11-08 08:01:49.208601
191,2019110701004918,KADBL,45,40,10,166,1660.00,2019-11-08 08:01:49.208601
192,2019110701004919,KADBL,45,40,100,166,16600.00,2019-11-08 08:01:49.208601
193,2019110701004920,KADBL,42,40,20,166,3320.00,2019-11-08 08:01:49.208601
194,2019110701004921,NMB,25,43,100,347,34700.00,2019-11-08 08:01:49.208601
195,2019110701004922,SICL,21,37,10,732,7320.00,2019-11-08 08:01:49.208601
196,2019110701004923,SICL,7,37,45,731,32895.00,2019-11-08 08:01:49.208601
197,2019110701004924,NMB,32,43,274,347,95078.00,2019-11-08 08:01:49.208601
198,2019110701004925,MBL,35,38,90,225,20250.00,2019-11-08 08:01:49.208601
199,2019110701004926,NNLB,1,18,22,451,9922.00,2019-11-08 08:01:49.208601
200,2019110701004927,NBL,25,4,200,310,62000.00,2019-11-08 08:01:49.208601
201,2019110701004928,MLBL,40,32,24,183,4392.00,2019-11-08 08:01:49.208601
202,2019110701004804,SJCL,38,45,20,165,3300.00,2019-11-08 08:01:49.208601
203,2019110701004805,JSLBB,17,18,30,1020,30600.00,2019-11-08 08:01:49.208601
204,2019110701004806,NABIL,22,58,100,755,75500.00,2019-11-08 08:01:49.208601
205,2019110701004807,PIC,5,42,20,361,7220.00,2019-11-08 08:01:49.208601
206,2019110701004808,CCBL,49,57,121,155,18755.00,2019-11-08 08:01:49.208601
207,2019110701004809,GLBSL,17,34,80,423,33840.00,2019-11-08 08:01:49.208601
208,2019110701004810,GLBSL,25,34,20,423,8460.00,2019-11-08 08:01:49.208601
209,2019110701004811,NMB,14,43,163,347,56561.00,2019-11-08 08:01:49.208601
210,2019110701004812,NMB,42,43,100,347,34700.00,2019-11-08 08:01:49.208601
211,2019110701004813,NABIL,22,58,100,755,75500.00,2019-11-08 08:01:49.208601
212,2019110701004814,MBL,49,38,190,225,42750.00,2019-11-08 08:01:49.208601
213,2019110701004815,NMB,14,43,700,347,242900.00,2019-11-08 08:01:49.208601
214,2019110701004816,NBL,7,42,50,310,15500.00,2019-11-08 08:01:49.208601
215,2019110701004817,NBL,7,22,300,310,93000.00,2019-11-08 08:01:49.208601
216,2019110701004818,MBL,49,38,190,225,42750.00,2019-11-08 08:01:49.208601
217,2019110701004819,NLIC,10,33,102,790,80580.00,2019-11-08 08:01:49.208601
218,2019110701004820,RHPL,54,45,700,170,119000.00,2019-11-08 08:01:49.208601
219,2019110701004821,HURJA,42,42,20,101,2020.00,2019-11-08 08:01:49.208601
220,2019110701004822,NABIL,22,58,100,755,75500.00,2019-11-08 08:01:49.208601
221,2019110701004823,UPPER,13,48,100,234,23400.00,2019-11-08 08:01:49.208601
222,2019110701004824,NMB,57,43,37,347,12839.00,2019-11-08 08:01:49.208601
223,2019110701004825,SANIMA,14,49,57,306,17442.00,2019-11-08 08:01:49.208601
224,2019110701004826,PRVU,17,19,170,264,44880.00,2019-11-08 08:01:49.208601
225,2019110701004827,RHPL,54,45,40,170,6800.00,2019-11-08 08:01:49.208601
226,2019110701004828,NBL,7,45,850,310,263500.00,2019-11-08 08:01:49.208601
227,2019110701004829,NBL,10,45,100,310,31000.00,2019-11-08 08:01:49.208601
228,2019110701004830,NBL,35,45,350,310,108500.00,2019-11-08 08:01:49.208601
229,2019110701004831,EBL,56,56,1,558,558.00,2019-11-08 08:01:49.208601
230,2019110701004832,RSDC,34,8,50,320,16000.00,2019-11-08 08:01:49.208601
231,2019110701004833,RSDC,17,8,50,320,16000.00,2019-11-08 08:01:49.208601
232,2019110701004834,NNLB,1,42,22,451,9922.00,2019-11-08 08:01:49.208601
233,2019110701004835,NNLB,1,18,28,451,12628.00,2019-11-08 08:01:49.208601
234,2019110701004836,SHIVM,46,42,50,480,24000.00,2019-11-08 08:01:49.208601
235,2019110701004837,KRBL,37,34,100,100,10000.00,2019-11-08 08:01:49.208601
236,2019110701004838,MEGA,58,19,1000,185,185000.00,2019-11-08 08:01:49.208601
237,2019110701004839,MBL,49,38,175,225,39375.00,2019-11-08 08:01:49.208601
238,2019110701004840,NLICL,50,42,50,424,21200.00,2019-11-08 08:01:49.208601
239,2019110701004841,NLICL,40,42,82,424,34768.00,2019-11-08 08:01:49.208601
240,2019110701004842,NMB,57,10,13,347,4511.00,2019-11-08 08:01:49.208601
241,2019110701004843,NMB,49,10,25,346,8650.00,2019-11-08 08:01:49.208601
242,2019110701004844,MBL,49,38,155,225,34875.00,2019-11-08 08:01:49.208601
243,2019110701004845,SPARS,6,58,20,529,10580.00,2019-11-08 08:01:49.208601
244,2019110701004846,CBL,21,29,59,140,8260.00,2019-11-08 08:01:49.208601
245,2019110701004847,MBL,49,38,150,225,33750.00,2019-11-08 08:01:49.208601
246,2019110701004736,NLBBL,46,51,16,502,8032.00,2019-11-08 08:01:49.208601
247,2019110701004737,BOKL,49,5,164,225,36900.00,2019-11-08 08:01:49.208601
248,2019110701004738,BOKL,5,5,70,225,15750.00,2019-11-08 08:01:49.208601
249,2019110701004739,BOKL,51,5,50,225,11250.00,2019-11-08 08:01:49.208601
250,2019110701004740,BOKL,17,5,50,225,11250.00,2019-11-08 08:01:49.208601
251,2019110701004741,BOKL,46,5,27,225,6075.00,2019-11-08 08:01:49.208601
252,2019110701004742,BOKL,32,5,500,225,112500.00,2019-11-08 08:01:49.208601
253,2019110701004743,BOKL,35,5,30,225,6750.00,2019-11-08 08:01:49.208601
254,2019110701004744,BOKL,8,5,1000,225,225000.00,2019-11-08 08:01:49.208601
255,2019110701004745,NBL,53,4,100,310,31000.00,2019-11-08 08:01:49.208601
256,2019110701004746,ADBL,39,58,801,415,332415.00,2019-11-08 08:01:49.208601
257,2019110701004747,NBL,7,4,300,310,93000.00,2019-11-08 08:01:49.208601
258,2019110701004748,BOKL,56,25,30,226,6780.00,2019-11-08 08:01:49.208601
259,2019110701004749,GILB,48,13,350,851,297850.00,2019-11-08 08:01:49.208601
260,2019110701004750,NICL,25,11,10,260,2600.00,2019-11-08 08:01:49.208601
261,2019110701004751,SKBBL,44,44,4509,930,4193370.00,2019-11-08 08:01:49.208601
262,2019110701004752,UIC,42,42,40,240,9600.00,2019-11-08 08:01:49.208601
263,2019110701004753,NIB,56,19,50,445,22250.00,2019-11-08 08:01:49.208601
264,2019110701004754,NMB,14,20,126,347,43722.00,2019-11-08 08:01:49.208601
265,2019110701004755,NMB,52,10,200,348,69600.00,2019-11-08 08:01:49.208601
266,2019110701004756,NMB,14,41,12,347,4164.00,2019-11-08 08:01:49.208601
267,2019110701004757,NICL,25,11,200,260,52000.00,2019-11-08 08:01:49.208601
268,2019110701004758,NMB,32,10,51,348,17748.00,2019-11-08 08:01:49.208601
269,2019110701004759,CZBIL,6,42,10,189,1890.00,2019-11-08 08:01:49.208601
270,2019110701004760,NLIC,40,55,242,788,190696.00,2019-11-08 08:01:49.208601
271,2019110701004761,SRBL,32,19,115,205,23575.00,2019-11-08 08:01:49.208601
272,2019110701004762,NLG,51,6,50,537,26850.00,2019-11-08 08:01:49.208601
273,2019110701004763,SMFDB,5,6,48,503,24144.00,2019-11-08 08:01:49.208601
274,2019110701004764,HBL,56,5,200,480,96000.00,2019-11-08 08:01:49.208601
275,2019110701004765,NABIL,10,58,100,760,76000.00,2019-11-08 08:01:49.208601
276,2019110701004766,NABIL,19,58,220,755,166100.00,2019-11-08 08:01:49.208601
277,2019110701004767,NABIL,54,58,20,755,15100.00,2019-11-08 08:01:49.208601
278,2019110701004768,NABIL,22,58,100,755,75500.00,2019-11-08 08:01:49.208601
279,2019110701004769,NABIL,14,58,20,755,15100.00,2019-11-08 08:01:49.208601
280,2019110701004770,NABIL,35,58,20,755,15100.00,2019-11-08 08:01:49.208601
281,2019110701004771,RHPL,54,45,40,170,6800.00,2019-11-08 08:01:49.208601
282,2019110701004772,BOKL,41,42,500,224,112000.00,2019-11-08 08:01:49.208601
283,2019110701004773,UIC,32,42,84,239,20076.00,2019-11-08 08:01:49.208601
284,2019110701004774,EBL,29,28,328,558,183024.00,2019-11-08 08:01:49.208601
285,2019110701004775,EBL,11,28,45,557,25065.00,2019-11-08 08:01:49.208601
286,2019110701004776,EBL,45,28,50,557,27850.00,2019-11-08 08:01:49.208601
287,2019110701004777,EBL,47,28,100,557,55700.00,2019-11-08 08:01:49.208601
288,2019110701004778,EBL,41,28,200,557,111400.00,2019-11-08 08:01:49.208601
289,2019110701004779,EBL,48,28,57,557,31749.00,2019-11-08 08:01:49.208601
290,2019110701004780,EIC,56,34,40,220,8800.00,2019-11-08 08:01:49.208601
291,2019110701004781,NMB,14,53,60,347,20820.00,2019-11-08 08:01:49.208601
292,2019110701004782,NMB,14,53,1000,347,347000.00,2019-11-08 08:01:49.208601
293,2019110701004783,NMB,14,53,837,347,290439.00,2019-11-08 08:01:49.208601
294,2019110701004784,GLBSL,21,34,80,424,33920.00,2019-11-08 08:01:49.208601
295,2019110701004785,GLBSL,17,34,20,423,8460.00,2019-11-08 08:01:49.208601
296,2019110701004786,SLICL,32,4,54,257,13878.00,2019-11-08 08:01:49.208601
297,2019110701004787,SLICL,29,4,200,257,51400.00,2019-11-08 08:01:49.208601
298,2019110701004788,SLICL,16,4,489,256,125184.00,2019-11-08 08:01:49.208601
299,2019110701004789,SLICL,47,4,257,256,65792.00,2019-11-08 08:01:49.208601
300,2019110701004790,NABIL,22,58,100,755,75500.00,2019-11-08 08:01:49.208601
301,2019110701004791,LBL,55,40,125,219,27375.00,2019-11-08 08:01:49.208601
302,2019110701004792,LBL,45,40,200,219,43800.00,2019-11-08 08:01:49.208601
303,2019110701004793,LBL,3,40,15,219,3285.00,2019-11-08 08:01:49.208601
304,2019110701004794,LBL,34,44,100,220,22000.00,2019-11-08 08:01:49.208601
305,2019110701004795,LBL,34,44,100,220,22000.00,2019-11-08 08:01:49.208601
306,2019110701004796,MBL,49,42,54,225,12150.00,2019-11-08 08:01:49.208601
307,2019110701004797,NICL,25,11,26,260,6760.00,2019-11-08 08:01:49.208601
308,2019110701004798,NICL,25,35,300,260,78000.00,2019-11-08 08:01:49.208601
309,2019110701004799,NICL,25,42,152,260,39520.00,2019-11-08 08:01:49.208601
310,2019110701004800,NICL,25,13,22,265,5830.00,2019-11-08 08:01:49.208601
311,2019110701004801,GILB,6,34,50,852,42600.00,2019-11-08 08:01:49.208601
312,2019110701004802,PLIC,43,19,50,313,15650.00,2019-11-08 08:01:49.208601
313,2019110701004803,PLIC,6,19,50,313,15650.00,2019-11-08 08:01:49.208601
314,2019110701004694,JOSHI,11,42,10,60,600.00,2019-11-08 08:01:49.208601
315,2019110701004695,JOSHI,11,28,20,60,1200.00,2019-11-08 08:01:49.208601
316,2019110701004696,JOSHI,11,50,20,60,1200.00,2019-11-08 08:01:49.208601
317,2019110701004697,PCBL,43,44,259,262,67858.00,2019-11-08 08:01:49.208601
318,2019110701004698,PCBL,43,41,150,262,39300.00,2019-11-08 08:01:49.208601
319,2019110701004699,PCBL,43,34,205,262,53710.00,2019-11-08 08:01:49.208601
320,2019110701004700,SPARS,56,34,90,521,46890.00,2019-11-08 08:01:49.208601
321,2019110701004701,SPARS,49,34,180,520,93600.00,2019-11-08 08:01:49.208601
322,2019110701004702,SPARS,39,34,180,519,93420.00,2019-11-08 08:01:49.208601
323,2019110701004703,SABSL,17,58,10,451,4510.00,2019-11-08 08:01:49.208601
324,2019110701004704,HBL,56,5,100,480,48000.00,2019-11-08 08:01:49.208601
325,2019110701004705,NBL,25,22,500,310,155000.00,2019-11-08 08:01:49.208601
326,2019110701004706,SBL,7,44,50,289,14450.00,2019-11-08 08:01:49.208601
327,2019110701004707,JFL,7,3,100,192,19200.00,2019-11-08 08:01:49.208601
328,2019110701004708,VLBS,42,51,200,560,112000.00,2019-11-08 08:01:49.208601
329,2019110701004709,PRVU,38,42,100,264,26400.00,2019-11-08 08:01:49.208601
330,2019110701004710,PRVU,13,42,100,264,26400.00,2019-11-08 08:01:49.208601
331,2019110701004711,PRVU,17,42,800,264,211200.00,2019-11-08 08:01:49.208601
332,2019110701004712,PRVU,17,10,1000,264,264000.00,2019-11-08 08:01:49.208601
333,2019110701004713,NMB,49,10,1000,348,348000.00,2019-11-08 08:01:49.208601
334,2019110701004714,SLBBL,40,38,155,574,88970.00,2019-11-08 08:01:49.208601
335,2019110701004715,NNLB,21,42,18,453,8154.00,2019-11-08 08:01:49.208601
336,2019110701004716,NNLB,45,42,10,453,4530.00,2019-11-08 08:01:49.208601
337,2019110701004717,NMB,14,43,598,347,207506.00,2019-11-08 08:01:49.208601
338,2019110701004718,NMB,14,43,402,347,139494.00,2019-11-08 08:01:49.208601
339,2019110701004719,MBL,49,38,60,225,13500.00,2019-11-08 08:01:49.208601
340,2019110701004720,MBL,49,19,16,225,3600.00,2019-11-08 08:01:49.208601
341,2019110701004721,NLIC,56,56,1,787,787.00,2019-11-08 08:01:49.208601
342,2019110701004722,MLBL,46,45,30,184,5520.00,2019-11-08 08:01:49.208601
343,2019110701004723,MLBL,47,45,100,184,18400.00,2019-11-08 08:01:49.208601
344,2019110701004724,MLBL,45,45,60,184,11040.00,2019-11-08 08:01:49.208601
345,2019110701004725,DBBL,42,52,195,123,23985.00,2019-11-08 08:01:49.208601
346,2019110701004726,DBBL,48,52,40,123,4920.00,2019-11-08 08:01:49.208601
347,2019110701004727,DBBL,8,52,65,123,7995.00,2019-11-08 08:01:49.208601
348,2019110701004728,NMB,54,10,2000,348,696000.00,2019-11-08 08:01:49.208601
349,2019110701004729,EIC,1,34,200,220,44000.00,2019-11-08 08:01:49.208601
350,2019110701004730,SLBBL,40,50,30,575,17250.00,2019-11-08 08:01:49.208601
351,2019110701004731,SLBBL,40,39,15,575,8625.00,2019-11-08 08:01:49.208601
352,2019110701004732,NMB,14,34,400,347,138800.00,2019-11-08 08:01:49.208601
353,2019110701004733,ALICL,49,58,500,312,156000.00,2019-11-08 08:01:49.208601
354,2019110701004734,CZBIL,7,34,678,190,128820.00,2019-11-08 08:01:49.208601
355,2019110701004735,CZBIL,7,14,22,190,4180.00,2019-11-08 08:01:49.208601
356,2019110701004648,SHIVM,14,58,40,481,19240.00,2019-11-08 08:01:49.208601
357,2019110701004649,SHIVM,46,58,10,480,4800.00,2019-11-08 08:01:49.208601
358,2019110701004650,HIDCL,34,49,10,133,1330.00,2019-11-08 08:01:49.208601
359,2019110701004651,MLBL,58,32,50,186,9300.00,2019-11-08 08:01:49.208601
360,2019110701004652,NBL,44,4,40,309,12360.00,2019-11-08 08:01:49.208601
361,2019110701004653,NBL,50,4,100,309,30900.00,2019-11-08 08:01:49.208601
362,2019110701004654,NBL,42,4,250,309,77250.00,2019-11-08 08:01:49.208601
363,2019110701004655,NBL,25,4,50,309,15450.00,2019-11-08 08:01:49.208601
364,2019110701004656,NBL,41,4,100,309,30900.00,2019-11-08 08:01:49.208601
365,2019110701004657,NBL,57,4,100,309,30900.00,2019-11-08 08:01:49.208601
366,2019110701004658,NBL,34,4,360,309,111240.00,2019-11-08 08:01:49.208601
367,2019110701004659,MERO,38,25,10,439,4390.00,2019-11-08 08:01:49.208601
368,2019110701004660,MERO,36,25,190,439,83410.00,2019-11-08 08:01:49.208601
369,2019110701004661,API,16,21,15,105,1575.00,2019-11-08 08:01:49.208601
370,2019110701004662,SJCL,38,16,20,165,3300.00,2019-11-08 08:01:49.208601
371,2019110701004663,NHPC,39,32,25,55,1375.00,2019-11-08 08:01:49.208601
372,2019110701004664,MNBBL,49,48,414,317,131238.00,2019-11-08 08:01:49.208601
373,2019110701004665,NMB,49,41,86,347,29842.00,2019-11-08 08:01:49.208601
374,2019110701004666,CBBL,44,45,125,968,121000.00,2019-11-08 08:01:49.208601
375,2019110701004667,NABIL,26,47,200,756,151200.00,2019-11-08 08:01:49.208601
376,2019110701004668,API,57,29,1000,106,106000.00,2019-11-08 08:01:49.208601
377,2019110701004669,RHPL,54,16,40,170,6800.00,2019-11-08 08:01:49.208601
378,2019110701004670,NMB,35,41,50,347,17350.00,2019-11-08 08:01:49.208601
379,2019110701004671,VLBS,45,34,25,556,13900.00,2019-11-08 08:01:49.208601
380,2019110701004672,KBL,6,42,50,180,9000.00,2019-11-08 08:01:49.208601
381,2019110701004673,BOKL,28,54,64,225,14400.00,2019-11-08 08:01:49.208601
382,2019110701004674,BOKL,49,54,36,225,8100.00,2019-11-08 08:01:49.208601
383,2019110701004675,JSLBB,6,18,20,1005,20100.00,2019-11-08 08:01:49.208601
384,2019110701004676,JSLBB,57,18,20,1000,20000.00,2019-11-08 08:01:49.208601
385,2019110701004677,PPCL,39,50,10,96,960.00,2019-11-08 08:01:49.208601
386,2019110701004678,MNBBL,10,53,16,318,5088.00,2019-11-08 08:01:49.208601
387,2019110701004679,SLBSL,44,52,20,718,14360.00,2019-11-08 08:01:49.208601
388,2019110701004680,SLBSL,22,52,30,718,21540.00,2019-11-08 08:01:49.208601
389,2019110701004681,SLBSL,48,52,167,715,119405.00,2019-11-08 08:01:49.208601
390,2019110701004682,NICL,25,22,106,258,27348.00,2019-11-08 08:01:49.208601
391,2019110701004683,SICL,48,37,26,734,19084.00,2019-11-08 08:01:49.208601
392,2019110701004684,SICL,3,37,65,733,47645.00,2019-11-08 08:01:49.208601
393,2019110701004685,SICL,1,37,170,733,124610.00,2019-11-08 08:01:49.208601
394,2019110701004686,SICL,53,37,10,733,7330.00,2019-11-08 08:01:49.208601
395,2019110701004687,SICL,46,37,100,733,73300.00,2019-11-08 08:01:49.208601
396,2019110701004688,SICL,56,37,100,732,73200.00,2019-11-08 08:01:49.208601
397,2019110701004689,PCBL,43,44,641,262,167942.00,2019-11-08 08:01:49.208601
398,2019110701004690,NMB,14,41,364,347,126308.00,2019-11-08 08:01:49.208601
399,2019110701004691,NBL,53,52,100,310,31000.00,2019-11-08 08:01:49.208601
400,2019110701004692,SRBL,28,51,100,206,20600.00,2019-11-08 08:01:49.208601
401,2019110701004693,NMB,14,45,38,347,13186.00,2019-11-08 08:01:49.208601
402,2019110701004592,API,25,29,50,106,5300.00,2019-11-08 08:01:49.208601
403,2019110701004593,SJCL,38,49,20,165,3300.00,2019-11-08 08:01:49.208601
404,2019110701004594,KBL,38,32,105,178,18690.00,2019-11-08 08:01:49.208601
405,2019110701004595,SJCL,38,38,250,165,41250.00,2019-11-08 08:01:49.208601
406,2019110701004596,NCCB,8,48,10,204,2040.00,2019-11-08 08:01:49.208601
407,2019110701004597,NCCB,58,48,364,204,74256.00,2019-11-08 08:01:49.208601
408,2019110701004598,NABIL,42,58,100,755,75500.00,2019-11-08 08:01:49.208601
409,2019110701004599,NABIL,35,58,20,755,15100.00,2019-11-08 08:01:49.208601
410,2019110701004600,NABIL,19,58,50,755,37750.00,2019-11-08 08:01:49.208601
411,2019110701004601,NABIL,26,58,50,755,37750.00,2019-11-08 08:01:49.208601
412,2019110701004602,NABIL,19,58,780,755,588900.00,2019-11-08 08:01:49.208601
413,2019110701004603,ICFC,46,25,100,159,15900.00,2019-11-08 08:01:49.208601
414,2019110701004604,ICFC,41,25,100,158,15800.00,2019-11-08 08:01:49.208601
415,2019110701004605,ICFC,47,25,50,158,7900.00,2019-11-08 08:01:49.208601
416,2019110701004606,ICFC,8,25,189,158,29862.00,2019-11-08 08:01:49.208601
417,2019110701004607,NMB,51,29,1330,347,461510.00,2019-11-08 08:01:49.208601
418,2019110701004608,SIC,42,34,10,464,4640.00,2019-11-08 08:01:49.208601
419,2019110701004609,NMB,51,38,300,347,104100.00,2019-11-08 08:01:49.208601
420,2019110701004610,NMB,51,45,192,347,66624.00,2019-11-08 08:01:49.208601
421,2019110701004611,NMB,28,45,14,347,4858.00,2019-11-08 08:01:49.208601
422,2019110701004612,NLIC,26,41,200,788,157600.00,2019-11-08 08:01:49.208601
423,2019110701004613,SRBL,41,59,41,205,8405.00,2019-11-08 08:01:49.208601
424,2019110701004614,SRBL,41,59,25,205,5125.00,2019-11-08 08:01:49.208601
425,2019110701004615,SRBL,58,59,50,205,10250.00,2019-11-08 08:01:49.208601
426,2019110701004616,SRBL,59,59,100,205,20500.00,2019-11-08 08:01:49.208601
427,2019110701004617,SRBL,45,59,50,205,10250.00,2019-11-08 08:01:49.208601
428,2019110701004618,SRBL,32,59,234,205,47970.00,2019-11-08 08:01:49.208601
429,2019110701004619,SHIVM,25,40,20,482,9640.00,2019-11-08 08:01:49.208601
430,2019110701004620,SHIVM,14,16,50,481,24050.00,2019-11-08 08:01:49.208601
431,2019110701004621,PRVU,22,44,127,265,33655.00,2019-11-08 08:01:49.208601
432,2019110701004622,MEGA,51,44,100,185,18500.00,2019-11-08 08:01:49.208601
433,2019110701004623,MEGA,8,44,300,185,55500.00,2019-11-08 08:01:49.208601
434,2019110701004624,MEGA,59,44,50,185,9250.00,2019-11-08 08:01:49.208601
435,2019110701004625,MEGA,6,44,219,185,40515.00,2019-11-08 08:01:49.208601
436,2019110701004626,JBBL,40,56,329,155,50995.00,2019-11-08 08:01:49.208601
437,2019110701004627,NMB,28,43,386,347,133942.00,2019-11-08 08:01:49.208601
438,2019110701004628,NMB,26,43,200,347,69400.00,2019-11-08 08:01:49.208601
439,2019110701004629,NMB,49,43,414,347,143658.00,2019-11-08 08:01:49.208601
440,2019110701004630,RHPL,41,16,40,169,6760.00,2019-11-08 08:01:49.208601
441,2019110701004631,SLBSL,44,49,10,718,7180.00,2019-11-08 08:01:49.208601
442,2019110701004632,NCCB,58,45,180,204,36720.00,2019-11-08 08:01:49.208601
443,2019110701004633,OHL,59,18,100,449,44900.00,2019-11-08 08:01:49.208601
444,2019110701004634,OHL,25,18,141,448,63168.00,2019-11-08 08:01:49.208601
445,2019110701004635,UPPER,22,42,100,235,23500.00,2019-11-08 08:01:49.208601
446,2019110701004636,SJCL,38,16,10,165,1650.00,2019-11-08 08:01:49.208601
447,2019110701004637,NLBBL,25,34,10,510,5100.00,2019-11-08 08:01:49.208601
448,2019110701004638,CCBL,11,16,50,156,7800.00,2019-11-08 08:01:49.208601
449,2019110701004639,RHPL,54,49,20,170,3400.00,2019-11-08 08:01:49.208601
450,2019110701004640,RHPL,54,47,40,170,6800.00,2019-11-08 08:01:49.208601
451,2019110701004641,RHPL,54,47,40,170,6800.00,2019-11-08 08:01:49.208601
452,2019110701004642,MEGA,6,52,781,185,144485.00,2019-11-08 08:01:49.208601
453,2019110701004643,MEGA,1,52,500,185,92500.00,2019-11-08 08:01:49.208601
454,2019110701004644,MEGA,45,52,100,185,18500.00,2019-11-08 08:01:49.208601
455,2019110701004645,MEGA,14,52,500,185,92500.00,2019-11-08 08:01:49.208601
456,2019110701004646,MEGA,58,52,628,185,116180.00,2019-11-08 08:01:49.208601
457,2019110701004647,HIDCL,34,3,90,133,11970.00,2019-11-08 08:01:49.208601
458,2019110701004551,HBL,42,5,100,480,48000.00,2019-11-08 08:01:49.208601
459,2019110701004552,EBL,42,38,58,558,32364.00,2019-11-08 08:01:49.208601
460,2019110701004553,EBL,29,38,112,558,62496.00,2019-11-08 08:01:49.208601
461,2019110701004554,NIB,32,48,61,444,27084.00,2019-11-08 08:01:49.208601
462,2019110701004555,NIB,40,48,39,444,17316.00,2019-11-08 08:01:49.208601
463,2019110701004556,ALICL,49,32,214,312,66768.00,2019-11-08 08:01:49.208601
464,2019110701004557,CBBL,28,5,110,965,106150.00,2019-11-08 08:01:49.208601
465,2019110701004558,GLICL,17,17,55,359,19745.00,2019-11-08 08:01:49.208601
466,2019110701004559,RMDC,39,33,300,615,184500.00,2019-11-08 08:01:49.208601
467,2019110701004560,NMB,6,10,500,348,174000.00,2019-11-08 08:01:49.208601
468,2019110701004561,CCBL,49,14,250,155,38750.00,2019-11-08 08:01:49.208601
469,2019110701004562,UPCL,19,49,20,72,1440.00,2019-11-08 08:01:49.208601
470,2019110701004563,NBL,25,4,410,309,126690.00,2019-11-08 08:01:49.208601
471,2019110701004564,NBL,28,4,1000,309,309000.00,2019-11-08 08:01:49.208601
472,2019110701004565,NBL,45,4,20,309,6180.00,2019-11-08 08:01:49.208601
473,2019110701004566,NBL,25,4,200,309,61800.00,2019-11-08 08:01:49.208601
474,2019110701004567,NBL,35,4,50,309,15450.00,2019-11-08 08:01:49.208601
475,2019110701004568,NBL,49,4,200,309,61800.00,2019-11-08 08:01:49.208601
476,2019110701004569,NBL,35,4,60,309,18540.00,2019-11-08 08:01:49.208601
477,2019110701004570,NBL,16,4,100,309,30900.00,2019-11-08 08:01:49.208601
478,2019110701004571,NBL,44,4,960,309,296640.00,2019-11-08 08:01:49.208601
479,2019110701004572,NMB,6,43,751,347,260597.00,2019-11-08 08:01:49.208601
480,2019110701004573,NMB,25,43,200,347,69400.00,2019-11-08 08:01:49.208601
481,2019110701004574,NMB,51,43,49,347,17003.00,2019-11-08 08:01:49.208601
482,2019110701004575,HBL,22,5,100,480,48000.00,2019-11-08 08:01:49.208601
483,2019110701004576,NIB,28,50,44,444,19536.00,2019-11-08 08:01:49.208601
484,2019110701004577,NMB,51,40,129,347,44763.00,2019-11-08 08:01:49.208601
485,2019110701004578,FOWAD,37,53,33,1321,43593.00,2019-11-08 08:01:49.208601
486,2019110701004579,FOWAD,6,53,167,1320,220440.00,2019-11-08 08:01:49.208601
487,2019110701004580,API,29,29,504,105,52920.00,2019-11-08 08:01:49.208601
488,2019110701004581,API,25,29,200,105,21000.00,2019-11-08 08:01:49.208601
489,2019110701004582,API,57,29,1000,105,105000.00,2019-11-08 08:01:49.208601
490,2019110701004583,API,16,29,1796,105,188580.00,2019-11-08 08:01:49.208601
491,2019110701004584,CBL,45,16,12,141,1692.00,2019-11-08 08:01:49.208601
492,2019110701004585,SHL,52,56,100,206,20600.00,2019-11-08 08:01:49.208601
493,2019110701004586,RBCL,44,6,20,8020,160400.00,2019-11-08 08:01:49.208601
494,2019110701004587,CCBL,49,11,40,155,6200.00,2019-11-08 08:01:49.208601
495,2019110701004588,NABIL,28,47,100,757,75700.00,2019-11-08 08:01:49.208601
496,2019110701004589,NBB,55,32,283,206,58298.00,2019-11-08 08:01:49.208601
497,2019110701004590,NBB,44,32,50,206,10300.00,2019-11-08 08:01:49.208601
498,2019110701004591,NBB,42,32,167,206,34402.00,2019-11-08 08:01:49.208601
499,2019110701004514,NMB,58,10,250,348,87000.00,2019-11-08 08:01:49.208601
500,2019110701004515,NMB,13,10,400,348,139200.00,2019-11-08 08:01:49.208601
501,2019110701004516,NMB,38,10,670,348,233160.00,2019-11-08 08:01:49.208601
502,2019110701004517,NMB,14,10,500,348,174000.00,2019-11-08 08:01:49.208601
503,2019110701004518,NMB,35,10,27,348,9396.00,2019-11-08 08:01:49.208601
504,2019110701004519,NMFBS,38,11,15,1692,25380.00,2019-11-08 08:01:49.208601
505,2019110701004520,NMFBS,22,11,20,1692,33840.00,2019-11-08 08:01:49.208601
506,2019110701004521,NMFBS,49,11,65,1690,109850.00,2019-11-08 08:01:49.208601
507,2019110701004522,CCBL,49,44,4296,156,670176.00,2019-11-08 08:01:49.208601
508,2019110701004523,SBI,1,48,50,406,20300.00,2019-11-08 08:01:49.208601
509,2019110701004524,SBI,1,13,250,406,101500.00,2019-11-08 08:01:49.208601
510,2019110701004525,NMB,51,19,250,347,86750.00,2019-11-08 08:01:49.208601
511,2019110701004526,NMB,32,19,20,347,6940.00,2019-11-08 08:01:49.208601
512,2019110701004527,NMB,6,19,249,347,86403.00,2019-11-08 08:01:49.208601
513,2019110701004528,PRVU,28,44,200,265,53000.00,2019-11-08 08:01:49.208601
514,2019110701004529,ALICL,49,32,214,312,66768.00,2019-11-08 08:01:49.208601
515,2019110701004530,NBL,17,22,100,310,31000.00,2019-11-08 08:01:49.208601
516,2019110701004531,NBL,18,22,1315,310,407650.00,2019-11-08 08:01:49.208601
517,2019110701004532,NLIC,33,17,30,787,23610.00,2019-11-08 08:01:49.208601
518,2019110701004533,FMDBL,57,8,25,310,7750.00,2019-11-08 08:01:49.208601
519,2019110701004534,SMFDB,36,3,50,504,25200.00,2019-11-08 08:01:49.208601
520,2019110701004535,ADBL,39,52,335,415,139025.00,2019-11-08 08:01:49.208601
521,2019110701004536,PFL,7,49,13,133,1729.00,2019-11-08 08:01:49.208601
522,2019110701004537,NMB,14,10,400,348,139200.00,2019-11-08 08:01:49.208601
523,2019110701004538,PRVU,34,34,99000,264,26136000.00,2019-11-08 08:01:49.208601
524,2019110701004539,KBL,44,32,80,178,14240.00,2019-11-08 08:01:49.208601
525,2019110701004540,KBL,38,32,25,178,4450.00,2019-11-08 08:01:49.208601
526,2019110701004541,API,25,29,100,106,10600.00,2019-11-08 08:01:49.208601
527,2019110701004542,KBL,20,36,187,179,33473.00,2019-11-08 08:01:49.208601
528,2019110701004543,NTC,41,17,20,617,12340.00,2019-11-08 08:01:49.208601
529,2019110701004544,NTC,35,17,20,617,12340.00,2019-11-08 08:01:49.208601
530,2019110701004545,NTC,8,17,160,617,98720.00,2019-11-08 08:01:49.208601
531,2019110701004546,NTC,43,17,100,617,61700.00,2019-11-08 08:01:49.208601
532,2019110701004547,NMB,28,10,300,348,104400.00,2019-11-08 08:01:49.208601
533,2019110701004548,HIDCL,1,14,150,133,19950.00,2019-11-08 08:01:49.208601
534,2019110701004549,HIDCL,34,14,850,133,113050.00,2019-11-08 08:01:49.208601
535,2019110701004550,SBI,49,1,100,405,40500.00,2019-11-08 08:01:49.208601
536,2019110701004443,ILBS,11,1,10,451,4510.00,2019-11-08 08:01:49.208601
537,2019110701004444,ILBS,11,38,10,451,4510.00,2019-11-08 08:01:49.208601
538,2019110701004445,UPPER,43,43,110,234,25740.00,2019-11-08 08:01:49.208601
539,2019110701004446,UPPER,59,43,50,234,11700.00,2019-11-08 08:01:49.208601
540,2019110701004447,UPPER,13,43,72,234,16848.00,2019-11-08 08:01:49.208601
541,2019110701004448,HBL,28,5,100,480,48000.00,2019-11-08 08:01:49.208601
542,2019110701004449,PRVU,32,34,250,264,66000.00,2019-11-08 08:01:49.208601
543,2019110701004450,PRVU,25,34,500,264,132000.00,2019-11-08 08:01:49.208601
544,2019110701004451,PRVU,21,34,100,264,26400.00,2019-11-08 08:01:49.208601
545,2019110701004452,PRVU,58,34,900,264,237600.00,2019-11-08 08:01:49.208601
546,2019110701004453,PRVU,57,34,200,264,52800.00,2019-11-08 08:01:49.208601
547,2019110701004454,PRVU,45,34,100,264,26400.00,2019-11-08 08:01:49.208601
548,2019110701004455,PRVU,45,34,40,264,10560.00,2019-11-08 08:01:49.208601
549,2019110701004456,PRVU,6,34,1500,264,396000.00,2019-11-08 08:01:49.208601
550,2019110701004457,PRVU,34,34,200,264,52800.00,2019-11-08 08:01:49.208601
551,2019110701004458,PRVU,57,34,50,264,13200.00,2019-11-08 08:01:49.208601
552,2019110701004459,PRVU,50,34,100,264,26400.00,2019-11-08 08:01:49.208601
553,2019110701004460,PRVU,14,34,200,264,52800.00,2019-11-08 08:01:49.208601
554,2019110701004461,PRVU,34,34,100,264,26400.00,2019-11-08 08:01:49.208601
555,2019110701004462,PRVU,3,34,200,264,52800.00,2019-11-08 08:01:49.208601
556,2019110701004463,PRVU,19,34,500,264,132000.00,2019-11-08 08:01:49.208601
557,2019110701004464,PRVU,42,34,1000,264,264000.00,2019-11-08 08:01:49.208601
558,2019110701004465,PRVU,57,34,250,264,66000.00,2019-11-08 08:01:49.208601
559,2019110701004466,PRVU,56,34,100,264,26400.00,2019-11-08 08:01:49.208601
560,2019110701004467,PRVU,42,34,100,264,26400.00,2019-11-08 08:01:49.208601
561,2019110701004468,PRVU,33,34,1000,264,264000.00,2019-11-08 08:01:49.208601
562,2019110701004469,PRVU,53,34,120,264,31680.00,2019-11-08 08:01:49.208601
563,2019110701004470,PRVU,57,34,250,264,66000.00,2019-11-08 08:01:49.208601
564,2019110701004471,PRVU,38,34,20,264,5280.00,2019-11-08 08:01:49.208601
565,2019110701004472,PRVU,47,34,200,264,52800.00,2019-11-08 08:01:49.208601
566,2019110701004473,PRVU,52,34,1000,264,264000.00,2019-11-08 08:01:49.208601
567,2019110701004474,PRVU,17,34,100,264,26400.00,2019-11-08 08:01:49.208601
568,2019110701004475,PRVU,49,34,500,264,132000.00,2019-11-08 08:01:49.208601
569,2019110701004476,MSMBS,1,57,18,456,8208.00,2019-11-08 08:01:49.208601
570,2019110701004477,MSMBS,26,57,100,455,45500.00,2019-11-08 08:01:49.208601
571,2019110701004478,BPCL,13,49,11,360,3960.00,2019-11-08 08:01:49.208601
572,2019110701004479,NMB,14,51,197,348,68556.00,2019-11-08 08:01:49.208601
573,2019110701004480,JBBL,13,56,436,155,67580.00,2019-11-08 08:01:49.208601
574,2019110701004481,JBBL,21,56,500,155,77500.00,2019-11-08 08:01:49.208601
575,2019110701004482,JBBL,38,56,200,155,31000.00,2019-11-08 08:01:49.208601
576,2019110701004483,JBBL,35,56,200,155,31000.00,2019-11-08 08:01:49.208601
577,2019110701004484,JBBL,57,56,100,155,15500.00,2019-11-08 08:01:49.208601
578,2019110701004485,API,25,29,50,106,5300.00,2019-11-08 08:01:49.208601
579,2019110701004486,DDBL,41,25,50,732,36600.00,2019-11-08 08:01:49.208601
580,2019110701004487,BPCL,59,6,10,364,3640.00,2019-11-08 08:01:49.208601
581,2019110701004488,RHPL,13,16,40,170,6800.00,2019-11-08 08:01:49.208601
582,2019110701004489,GLICL,34,50,55,359,19745.00,2019-11-08 08:01:49.208601
583,2019110701004490,GLICL,17,50,145,359,52055.00,2019-11-08 08:01:49.208601
584,2019110701004491,PCBL,43,7,75,261,19575.00,2019-11-08 08:01:49.208601
585,2019110701004492,SICL,17,32,20,735,14700.00,2019-11-08 08:01:49.208601
586,2019110701004493,SICL,17,32,10,734,7340.00,2019-11-08 08:01:49.208601
587,2019110701004494,SICL,48,32,74,734,54316.00,2019-11-08 08:01:49.208601
588,2019110701004495,SBI,49,38,300,405,121500.00,2019-11-08 08:01:49.208601
589,2019110701004496,PRVU,34,34,6778,264,1789392.00,2019-11-08 08:01:49.208601
590,2019110701004497,MBL,37,57,306,224,68544.00,2019-11-08 08:01:49.208601
591,2019110701004498,MSMBS,40,57,25,455,11375.00,2019-11-08 08:01:49.208601
592,2019110701004499,RHPL,1,49,20,170,3400.00,2019-11-08 08:01:49.208601
593,2019110701004500,API,16,39,445,105,46725.00,2019-11-08 08:01:49.208601
594,2019110701004501,API,29,39,200,105,21000.00,2019-11-08 08:01:49.208601
595,2019110701004502,API,39,39,1000,105,105000.00,2019-11-08 08:01:49.208601
596,2019110701004503,API,29,39,196,105,20580.00,2019-11-08 08:01:49.208601
597,2019110701004504,PLIC,7,44,50,315,15750.00,2019-11-08 08:01:49.208601
598,2019110701004505,PLIC,57,44,156,314,48984.00,2019-11-08 08:01:49.208601
599,2019110701004506,PLIC,48,44,200,314,62800.00,2019-11-08 08:01:49.208601
600,2019110701004507,PLIC,42,44,100,313,31300.00,2019-11-08 08:01:49.208601
601,2019110701004508,PLIC,6,44,3118,313,975934.00,2019-11-08 08:01:49.208601
602,2019110701004509,CBBL,28,6,70,965,67550.00,2019-11-08 08:01:49.208601
603,2019110701004510,SHL,14,14,400,205,82000.00,2019-11-08 08:01:49.208601
604,2019110701004511,SRBL,44,32,32,205,6560.00,2019-11-08 08:01:49.208601
605,2019110701004512,SRBL,41,32,59,205,12095.00,2019-11-08 08:01:49.208601
606,2019110701004513,NMB,14,10,950,348,330600.00,2019-11-08 08:01:49.208601
607,2019110701004411,MEGA,32,36,600,185,111000.00,2019-11-08 08:01:49.208601
608,2019110701004412,MEGA,51,36,400,185,74000.00,2019-11-08 08:01:49.208601
609,2019110701004413,GUFL,44,19,66,110,7260.00,2019-11-08 08:01:49.208601
610,2019110701004414,RHPL,13,11,40,170,6800.00,2019-11-08 08:01:49.208601
611,2019110701004415,ALBSL,42,49,10,383,3830.00,2019-11-08 08:01:49.208601
612,2019110701004416,SKBBL,22,14,500,940,470000.00,2019-11-08 08:01:49.208601
613,2019110701004417,RHPL,13,46,40,170,6800.00,2019-11-08 08:01:49.208601
614,2019110701004418,API,16,39,500,105,52500.00,2019-11-08 08:01:49.208601
615,2019110701004419,SJCL,38,51,10,165,1650.00,2019-11-08 08:01:49.208601
616,2019110701004420,PPCL,39,51,20,96,1920.00,2019-11-08 08:01:49.208601
617,2019110701004421,PPCL,39,42,10,96,960.00,2019-11-08 08:01:49.208601
618,2019110701004422,PPCL,39,36,200,96,19200.00,2019-11-08 08:01:49.208601
619,2019110701004423,PPCL,39,26,30,96,2880.00,2019-11-08 08:01:49.208601
620,2019110701004424,PPCL,39,51,50,96,4800.00,2019-11-08 08:01:49.208601
621,2019110701004425,CLBSL,7,14,135,460,62100.00,2019-11-08 08:01:49.208601
622,2019110701004426,ALICL,49,19,300,312,93600.00,2019-11-08 08:01:49.208601
623,2019110701004427,SRBL,45,51,13,206,2678.00,2019-11-08 08:01:49.208601
624,2019110701004428,GLICL,34,25,10,359,3590.00,2019-11-08 08:01:49.208601
625,2019110701004429,HBL,17,5,100,480,48000.00,2019-11-08 08:01:49.208601
626,2019110701004430,NBL,17,46,1900,310,589000.00,2019-11-08 08:01:49.208601
627,2019110701004431,UPCL,19,51,50,72,3600.00,2019-11-08 08:01:49.208601
628,2019110701004432,SJCL,38,46,20,165,3300.00,2019-11-08 08:01:49.208601
629,2019110701004433,HGI,42,13,50,261,13050.00,2019-11-08 08:01:49.208601
630,2019110701004434,HGI,53,13,450,260,117000.00,2019-11-08 08:01:49.208601
631,2019110701004435,GBBL,48,37,30,221,6630.00,2019-11-08 08:01:49.208601
632,2019110701004436,GLICL,34,25,10,359,3590.00,2019-11-08 08:01:49.208601
633,2019110701004437,UPPER,43,51,10,234,2340.00,2019-11-08 08:01:49.208601
634,2019110701004438,MNBBL,48,48,150,317,47550.00,2019-11-08 08:01:49.208601
635,2019110701004439,PCBL,43,32,10,261,2610.00,2019-11-08 08:01:49.208601
636,2019110701004440,KBL,47,36,100,179,17900.00,2019-11-08 08:01:49.208601
637,2019110701004441,LBL,34,44,100,220,22000.00,2019-11-08 08:01:49.208601
638,2019110701004442,NLIC,29,17,200,787,157400.00,2019-11-08 08:01:49.208601
639,2019110701004373,CZBIL,54,34,50,189,9450.00,2019-11-08 08:01:49.208601
640,2019110701004374,NBL,49,46,500,310,155000.00,2019-11-08 08:01:49.208601
641,2019110701004375,NLIC,33,42,10,786,7860.00,2019-11-08 08:01:49.208601
642,2019110701004376,NLIC,5,42,40,786,31440.00,2019-11-08 08:01:49.208601
643,2019110701004377,NBB,55,43,1000,206,206000.00,2019-11-08 08:01:49.208601
644,2019110701004378,PIC,5,51,10,361,3610.00,2019-11-08 08:01:49.208601
645,2019110701004379,EBL,11,48,18,558,10044.00,2019-11-08 08:01:49.208601
646,2019110701004380,EBL,47,48,10,558,5580.00,2019-11-08 08:01:49.208601
647,2019110701004381,EBL,42,48,42,558,23436.00,2019-11-08 08:01:49.208601
648,2019110701004382,NSEWA,42,46,10,372,3720.00,2019-11-08 08:01:49.208601
649,2019110701004383,API,25,29,50,106,5300.00,2019-11-08 08:01:49.208601
650,2019110701004384,IGI,38,35,10,290,2900.00,2019-11-08 08:01:49.208601
651,2019110701004385,IGI,42,35,20,289,5780.00,2019-11-08 08:01:49.208601
652,2019110701004386,CLBSL,32,6,100,459,45900.00,2019-11-08 08:01:49.208601
653,2019110701004387,CLBSL,32,14,400,460,184000.00,2019-11-08 08:01:49.208601
654,2019110701004388,PPCL,45,51,20,95,1900.00,2019-11-08 08:01:49.208601
655,2019110701004389,PPCL,39,51,10,95,950.00,2019-11-08 08:01:49.208601
656,2019110701004390,SANIMA,51,49,18,306,5508.00,2019-11-08 08:01:49.208601
657,2019110701004391,SWBBL,33,41,100,928,92800.00,2019-11-08 08:01:49.208601
658,2019110701004392,SJCL,38,38,20,165,3300.00,2019-11-08 08:01:49.208601
659,2019110701004393,SBL,6,52,160,288,46080.00,2019-11-08 08:01:49.208601
660,2019110701004394,SBL,6,45,338,288,97344.00,2019-11-08 08:01:49.208601
661,2019110701004395,NMB,43,43,150,349,52350.00,2019-11-08 08:01:49.208601
662,2019110701004396,SWBBL,39,42,62,925,57350.00,2019-11-08 08:01:49.208601
663,2019110701004397,RHPL,13,51,10,170,1700.00,2019-11-08 08:01:49.208601
664,2019110701004398,NBL,28,4,300,309,92700.00,2019-11-08 08:01:49.208601
665,2019110701004399,NBL,41,4,100,309,30900.00,2019-11-08 08:01:49.208601
666,2019110701004400,NBL,35,4,10,309,3090.00,2019-11-08 08:01:49.208601
667,2019110701004401,NBL,25,4,590,309,182310.00,2019-11-08 08:01:49.208601
668,2019110701004402,CCBL,45,44,529,156,82524.00,2019-11-08 08:01:49.208601
669,2019110701004403,CCBL,45,44,125,156,19500.00,2019-11-08 08:01:49.208601
670,2019110701004404,CCBL,45,44,50,156,7800.00,2019-11-08 08:01:49.208601
671,2019110701004405,SRBL,44,45,13,205,2665.00,2019-11-08 08:01:49.208601
672,2019110701004406,KBL,5,36,213,179,38127.00,2019-11-08 08:01:49.208601
673,2019110701004407,KBL,1,36,500,179,89500.00,2019-11-08 08:01:49.208601
674,2019110701004408,ADBL,39,32,367,415,152305.00,2019-11-08 08:01:49.208601
675,2019110701004409,GLBSL,21,46,10,424,4240.00,2019-11-08 08:01:49.208601
676,2019110701004410,SHIVM,14,51,10,481,4810.00,2019-11-08 08:01:49.208601
677,2019110701004338,NNLB,19,29,373,455,169715.00,2019-11-08 08:01:49.208601
678,2019110701004339,NNLB,42,29,100,454,45400.00,2019-11-08 08:01:49.208601
679,2019110701004340,NNLB,14,29,40,454,18160.00,2019-11-08 08:01:49.208601
680,2019110701004341,BPCL,35,51,10,359,3590.00,2019-11-08 08:01:49.208601
681,2019110701004342,NMFBS,38,38,3,1693,5079.00,2019-11-08 08:01:49.208601
682,2019110701004343,NGPL,16,32,11,99,1089.00,2019-11-08 08:01:49.208601
683,2019110701004344,MNBBL,49,19,170,316,53720.00,2019-11-08 08:01:49.208601
684,2019110701004345,NICGF,22,22,500,9.25,4625.00,2019-11-08 08:01:49.208601
685,2019110701004346,CBBL,47,6,100,968,96800.00,2019-11-08 08:01:49.208601
686,2019110701004347,NMB,49,43,100,349,34900.00,2019-11-08 08:01:49.208601
687,2019110701004348,KBL,5,46,87,179,15573.00,2019-11-08 08:01:49.208601
688,2019110701004349,NMB,28,43,200,349,69800.00,2019-11-08 08:01:49.208601
689,2019110701004350,DBBL,46,45,252,123,30996.00,2019-11-08 08:01:49.208601
690,2019110701004351,DBBL,48,45,300,123,36900.00,2019-11-08 08:01:49.208601
691,2019110701004352,DBBL,47,45,100,123,12300.00,2019-11-08 08:01:49.208601
692,2019110701004353,DBBL,35,45,200,123,24600.00,2019-11-08 08:01:49.208601
693,2019110701004354,DBBL,38,45,43,123,5289.00,2019-11-08 08:01:49.208601
694,2019110701004355,DBBL,42,45,305,123,37515.00,2019-11-08 08:01:49.208601
695,2019110701004356,NBL,25,4,1000,309,309000.00,2019-11-08 08:01:49.208601
696,2019110701004357,NBL,25,4,100,309,30900.00,2019-11-08 08:01:49.208601
697,2019110701004358,NBL,52,4,1000,309,309000.00,2019-11-08 08:01:49.208601
698,2019110701004359,NBL,52,4,500,309,154500.00,2019-11-08 08:01:49.208601
699,2019110701004360,NBL,43,4,500,309,154500.00,2019-11-08 08:01:49.208601
700,2019110701004361,NBL,3,4,700,309,216300.00,2019-11-08 08:01:49.208601
701,2019110701004362,NBL,34,4,200,309,61800.00,2019-11-08 08:01:49.208601
702,2019110701004363,CBBL,28,51,15,965,14475.00,2019-11-08 08:01:49.208601
703,2019110701004364,UPPER,43,13,40,235,9400.00,2019-11-08 08:01:49.208601
704,2019110701004365,UPPER,43,13,40,235,9400.00,2019-11-08 08:01:49.208601
705,2019110701004366,UPPER,43,13,40,235,9400.00,2019-11-08 08:01:49.208601
706,2019110701004367,UPPER,43,13,50,235,11750.00,2019-11-08 08:01:49.208601
707,2019110701004368,UPPER,43,42,50,235,11750.00,2019-11-08 08:01:49.208601
708,2019110701004369,UPPER,43,42,12,235,2820.00,2019-11-08 08:01:49.208601
709,2019110701004370,FOWAD,37,40,247,1321,326287.00,2019-11-08 08:01:49.208601
710,2019110701004371,PRVU,39,44,139,265,36835.00,2019-11-08 08:01:49.208601
711,2019110701004372,NADEP,6,51,10,388,3880.00,2019-11-08 08:01:49.208601
712,2019110701004297,SWBBL,39,56,32,925,29600.00,2019-11-08 08:01:49.208601
713,2019110701004298,NMB,49,43,191,349,66659.00,2019-11-08 08:01:49.208601
714,2019110701004299,NMB,32,43,10,349,3490.00,2019-11-08 08:01:49.208601
715,2019110701004300,MNBBL,13,48,386,317,122362.00,2019-11-08 08:01:49.208601
716,2019110701004301,DBBL,39,56,111,123,13653.00,2019-11-08 08:01:49.208601
717,2019110701004302,DBBL,38,56,50,123,6150.00,2019-11-08 08:01:49.208601
718,2019110701004303,DBBL,45,56,50,123,6150.00,2019-11-08 08:01:49.208601
719,2019110701004304,DBBL,46,56,89,123,10947.00,2019-11-08 08:01:49.208601
720,2019110701004305,NBL,49,46,100,310,31000.00,2019-11-08 08:01:49.208601
721,2019110701004306,SLBBL,47,45,100,574,57400.00,2019-11-08 08:01:49.208601
722,2019110701004307,CIT,16,6,37,1770,65490.00,2019-11-08 08:01:49.208601
723,2019110701004308,UPPER,43,35,50,234,11700.00,2019-11-08 08:01:49.208601
724,2019110701004309,GMFBS,32,47,10,451,4510.00,2019-11-08 08:01:49.208601
725,2019110701004310,GILB,38,38,3,846,2538.00,2019-11-08 08:01:49.208601
726,2019110701004311,SJCL,38,50,20,165,3300.00,2019-11-08 08:01:49.208601
727,2019110701004312,MEGA,32,45,400,185,74000.00,2019-11-08 08:01:49.208601
728,2019110701004313,SCB,17,28,100,556,55600.00,2019-11-08 08:01:49.208601
729,2019110701004314,SCB,17,28,50,556,27800.00,2019-11-08 08:01:49.208601
730,2019110701004315,HBL,44,5,20,480,9600.00,2019-11-08 08:01:49.208601
731,2019110701004316,SANIMA,11,52,298,306,91188.00,2019-11-08 08:01:49.208601
732,2019110701004317,SANIMA,6,52,100,306,30600.00,2019-11-08 08:01:49.208601
733,2019110701004318,SANIMA,45,52,100,306,30600.00,2019-11-08 08:01:49.208601
734,2019110701004319,SANIMA,51,52,102,306,31212.00,2019-11-08 08:01:49.208601
735,2019110701004320,LBL,34,44,200,220,44000.00,2019-11-08 08:01:49.208601
736,2019110701004321,MNBBL,49,48,50,317,15850.00,2019-11-08 08:01:49.208601
737,2019110701004322,NMB,14,41,100,348,34800.00,2019-11-08 08:01:49.208601
738,2019110701004323,PRVU,48,34,56,265,14840.00,2019-11-08 08:01:49.208601
739,2019110701004324,PRVU,48,44,144,265,38160.00,2019-11-08 08:01:49.208601
740,2019110701004325,ADBL,39,49,105,415,43575.00,2019-11-08 08:01:49.208601
741,2019110701004326,ADBL,39,18,133,415,55195.00,2019-11-08 08:01:49.208601
742,2019110701004327,AHPC,28,43,500,94,47000.00,2019-11-08 08:01:49.208601
743,2019110701004328,NGPL,1,32,124,99,12276.00,2019-11-08 08:01:49.208601
744,2019110701004329,NGPL,1,32,96,99,9504.00,2019-11-08 08:01:49.208601
745,2019110701004330,GLICL,34,19,25,359,8975.00,2019-11-08 08:01:49.208601
746,2019110701004331,NABIL,47,28,11,755,8305.00,2019-11-08 08:01:49.208601
747,2019110701004332,NABIL,6,28,20,755,15100.00,2019-11-08 08:01:49.208601
748,2019110701004333,NABIL,41,28,30,755,22650.00,2019-11-08 08:01:49.208601
749,2019110701004334,NABIL,8,28,30,755,22650.00,2019-11-08 08:01:49.208601
750,2019110701004335,NMFBS,32,6,10,1694,16940.00,2019-11-08 08:01:49.208601
751,2019110701004336,NMFBS,42,6,85,1693,143905.00,2019-11-08 08:01:49.208601
752,2019110701004337,SHIVM,14,49,100,481,48100.00,2019-11-08 08:01:49.208601
753,2019110701004269,HDL,58,1,10,1508,15080.00,2019-11-08 08:01:49.208601
754,2019110701004270,HDL,25,1,50,1508,75400.00,2019-11-08 08:01:49.208601
755,2019110701004271,HDL,21,1,10,1508,15080.00,2019-11-08 08:01:49.208601
756,2019110701004272,HDL,52,1,10,1508,15080.00,2019-11-08 08:01:49.208601
757,2019110701004273,EBL,6,7,10,559,5590.00,2019-11-08 08:01:49.208601
758,2019110701004274,HBL,22,45,45,482,21690.00,2019-11-08 08:01:49.208601
759,2019110701004275,RHPL,13,13,100,170,17000.00,2019-11-08 08:01:49.208601
760,2019110701004276,MEGA,32,57,500,185,92500.00,2019-11-08 08:01:49.208601
761,2019110701004277,PRVU,13,34,50,265,13250.00,2019-11-08 08:01:49.208601
762,2019110701004278,DBBL,21,6,311,123,38253.00,2019-11-08 08:01:49.208601
763,2019110701004279,DBBL,39,6,189,123,23247.00,2019-11-08 08:01:49.208601
764,2019110701004280,MLBBL,39,55,41,425,17425.00,2019-11-08 08:01:49.208601
765,2019110701004281,SBI,22,13,45,406,18270.00,2019-11-08 08:01:49.208601
766,2019110701004282,SABSL,37,57,80,453,36240.00,2019-11-08 08:01:49.208601
767,2019110701004283,UPCL,19,49,200,72,14400.00,2019-11-08 08:01:49.208601
768,2019110701004284,NBL,43,4,50,309,15450.00,2019-11-08 08:01:49.208601
769,2019110701004285,NBL,43,4,500,309,154500.00,2019-11-08 08:01:49.208601
770,2019110701004286,NBL,28,4,1000,309,309000.00,2019-11-08 08:01:49.208601
771,2019110701004287,NBL,45,4,100,309,30900.00,2019-11-08 08:01:49.208601
772,2019110701004288,NBL,14,4,150,309,46350.00,2019-11-08 08:01:49.208601
773,2019110701004289,NBL,32,4,200,309,61800.00,2019-11-08 08:01:49.208601
774,2019110701004290,NBL,51,4,300,309,92700.00,2019-11-08 08:01:49.208601
775,2019110701004291,NBL,41,4,100,309,30900.00,2019-11-08 08:01:49.208601
776,2019110701004292,NBL,25,4,100,309,30900.00,2019-11-08 08:01:49.208601
777,2019110701004293,NMB,51,32,1000,349,349000.00,2019-11-08 08:01:49.208601
778,2019110701004294,SCB,48,38,30,557,16710.00,2019-11-08 08:01:49.208601
779,2019110701004295,SCB,17,38,100,556,55600.00,2019-11-08 08:01:49.208601
780,2019110701004296,LBL,22,44,42,220,9240.00,2019-11-08 08:01:49.208601
781,2019110701004243,HDL,55,58,300,1515,454500.00,2019-11-08 08:01:49.208601
782,2019110701004244,HDL,32,58,10,1510,15100.00,2019-11-08 08:01:49.208601
783,2019110701004245,HDL,25,58,150,1510,226500.00,2019-11-08 08:01:49.208601
784,2019110701004246,HDL,19,58,40,1510,60400.00,2019-11-08 08:01:49.208601
785,2019110701004247,HBL,44,5,555,480,266400.00,2019-11-08 08:01:49.208601
786,2019110701004248,ALBSL,51,6,30,382,11460.00,2019-11-08 08:01:49.208601
787,2019110701004249,NICGF,22,42,900,8.9,8010.00,2019-11-08 08:01:49.208601
788,2019110701004250,RHPC,47,45,79,73,5767.00,2019-11-08 08:01:49.208601
789,2019110701004251,NCCB,17,6,100,203,20300.00,2019-11-08 08:01:49.208601
790,2019110701004252,GIMES1,19,26,100,8,800.00,2019-11-08 08:01:49.208601
791,2019110701004253,NIB,14,46,25,444,11100.00,2019-11-08 08:01:49.208601
792,2019110701004254,SANIMA,34,57,10,307,3070.00,2019-11-08 08:01:49.208601
793,2019110701004255,SADBL,45,44,50,139,6950.00,2019-11-08 08:01:49.208601
794,2019110701004256,RHPL,13,49,50,170,8500.00,2019-11-08 08:01:49.208601
795,2019110701004257,NCCB,38,25,10,204,2040.00,2019-11-08 08:01:49.208601
796,2019110701004258,NCCB,8,25,50,204,10200.00,2019-11-08 08:01:49.208601
797,2019110701004259,NCCB,8,8,266,204,54264.00,2019-11-08 08:01:49.208601
798,2019110701004260,ADBL,45,49,20,415,8300.00,2019-11-08 08:01:49.208601
799,2019110701004261,KBL,22,44,412,180,74160.00,2019-11-08 08:01:49.208601
800,2019110701004262,KBL,22,42,38,180,6840.00,2019-11-08 08:01:49.208601
801,2019110701004263,NBL,44,46,100,310,31000.00,2019-11-08 08:01:49.208601
802,2019110701004264,SWBBL,48,48,100,926,92600.00,2019-11-08 08:01:49.208601
803,2019110701004265,SWBBL,39,48,114,925,105450.00,2019-11-08 08:01:49.208601
804,2019110701004266,NIB,32,46,39,444,17316.00,2019-11-08 08:01:49.208601
805,2019110701004267,NICGF,22,57,1000,9.07,9070.00,2019-11-08 08:01:49.208601
806,2019110701004268,EIC,51,25,50,220,11000.00,2019-11-08 08:01:49.208601
807,2019110701004214,BPCL,1,39,22,359,7898.00,2019-11-08 08:01:49.208601
808,2019110701004215,CHCL,25,45,174,444,77256.00,2019-11-08 08:01:49.208601
809,2019110701004216,CHCL,25,42,100,447,44700.00,2019-11-08 08:01:49.208601
810,2019110701004217,CHCL,25,28,26,448,11648.00,2019-11-08 08:01:49.208601
811,2019110701004218,GLICL,54,57,91,360,32760.00,2019-11-08 08:01:49.208601
812,2019110701004219,EDBL,36,42,245,260,63700.00,2019-11-08 08:01:49.208601
813,2019110701004220,UNHPL,14,6,50,52,2600.00,2019-11-08 08:01:49.208601
814,2019110701004221,UNHPL,14,6,50,52,2600.00,2019-11-08 08:01:49.208601
815,2019110701004222,NLBBL,46,52,20,502,10040.00,2019-11-08 08:01:49.208601
816,2019110701004223,NLIC,5,17,32,787,25184.00,2019-11-08 08:01:49.208601
817,2019110701004224,NIB,43,46,47,444,20868.00,2019-11-08 08:01:49.208601
818,2019110701004225,NIB,56,46,30,444,13320.00,2019-11-08 08:01:49.208601
819,2019110701004226,SLBBL,37,39,56,573,32088.00,2019-11-08 08:01:49.208601
820,2019110701004227,SLBBL,6,39,144,572,82368.00,2019-11-08 08:01:49.208601
821,2019110701004228,SCB,22,1,70,557,38990.00,2019-11-08 08:01:49.208601
822,2019110701004229,SCB,48,1,70,557,38990.00,2019-11-08 08:01:49.208601
823,2019110701004230,NMB,40,29,50,350,17500.00,2019-11-08 08:01:49.208601
824,2019110701004231,NICGF,22,42,100,8.9,890.00,2019-11-08 08:01:49.208601
825,2019110701004232,RHPL,13,26,30,170,5100.00,2019-11-08 08:01:49.208601
826,2019110701004233,RHPL,13,34,40,170,6800.00,2019-11-08 08:01:49.208601
827,2019110701004234,RHPL,13,58,150,170,25500.00,2019-11-08 08:01:49.208601
828,2019110701004235,NNLB,1,49,33,456,15048.00,2019-11-08 08:01:49.208601
829,2019110701004236,NNLB,14,49,25,456,11400.00,2019-11-08 08:01:49.208601
830,2019110701004237,NNLB,21,49,15,455,6825.00,2019-11-08 08:01:49.208601
831,2019110701004238,NNLB,19,49,27,455,12285.00,2019-11-08 08:01:49.208601
832,2019110701004239,GFCL,28,11,239,131,31309.00,2019-11-08 08:01:49.208601
833,2019110701004240,BPCL,59,4,22,363,7986.00,2019-11-08 08:01:49.208601
834,2019110701004241,NIL,49,52,198,377,74646.00,2019-11-08 08:01:49.208601
835,2019110701004242,SIC,11,25,10,455,4550.00,2019-11-08 08:01:49.208601
836,2019110701004151,SBI,49,37,1000,405,405000.00,2019-11-08 08:01:49.208601
837,2019110701004152,PRVU,46,37,436,264,115104.00,2019-11-08 08:01:49.208601
838,2019110701004153,PRVU,32,37,350,264,92400.00,2019-11-08 08:01:49.208601
839,2019110701004154,SJCL,45,34,20,166,3320.00,2019-11-08 08:01:49.208601
840,2019110701004155,SJCL,45,26,20,166,3320.00,2019-11-08 08:01:49.208601
841,2019110701004156,SJCL,45,51,10,166,1660.00,2019-11-08 08:01:49.208601
842,2019110701004157,PRVU,1,34,20,265,5300.00,2019-11-08 08:01:49.208601
843,2019110701004158,CHCL,25,45,26,445,11570.00,2019-11-08 08:01:49.208601
844,2019110701004159,SABSL,37,39,10,453,4530.00,2019-11-08 08:01:49.208601
845,2019110701004160,NABIL,33,58,500,758,379000.00,2019-11-08 08:01:49.208601
846,2019110701004161,NABIL,39,58,100,758,75800.00,2019-11-08 08:01:49.208601
847,2019110701004162,NABIL,38,58,130,758,98540.00,2019-11-08 08:01:49.208601
848,2019110701004163,NABIL,44,58,24,757,18168.00,2019-11-08 08:01:49.208601
849,2019110701004164,NABIL,44,58,100,757,75700.00,2019-11-08 08:01:49.208601
850,2019110701004165,NABIL,1,58,100,757,75700.00,2019-11-08 08:01:49.208601
851,2019110701004166,NABIL,33,58,500,757,378500.00,2019-11-08 08:01:49.208601
852,2019110701004167,NABIL,41,58,20,757,15140.00,2019-11-08 08:01:49.208601
853,2019110701004168,NABIL,26,58,100,757,75700.00,2019-11-08 08:01:49.208601
854,2019110701004169,NABIL,28,58,194,756,146664.00,2019-11-08 08:01:49.208601
855,2019110701004170,NABIL,3,58,26,756,19656.00,2019-11-08 08:01:49.208601
856,2019110701004171,NABIL,52,58,500,756,378000.00,2019-11-08 08:01:49.208601
857,2019110701004172,NABIL,39,58,100,756,75600.00,2019-11-08 08:01:49.208601
858,2019110701004173,NABIL,56,58,50,756,37800.00,2019-11-08 08:01:49.208601
859,2019110701004174,NABIL,39,58,50,755,37750.00,2019-11-08 08:01:49.208601
860,2019110701004175,NABIL,32,58,30,755,22650.00,2019-11-08 08:01:49.208601
861,2019110701004176,NABIL,35,58,20,755,15100.00,2019-11-08 08:01:49.208601
862,2019110701004177,NABIL,54,58,100,755,75500.00,2019-11-08 08:01:49.208601
863,2019110701004178,NABIL,3,58,50,755,37750.00,2019-11-08 08:01:49.208601
864,2019110701004179,NABIL,20,58,200,755,151000.00,2019-11-08 08:01:49.208601
865,2019110701004180,NABIL,44,58,200,755,151000.00,2019-11-08 08:01:49.208601
866,2019110701004181,NABIL,56,58,50,755,37750.00,2019-11-08 08:01:49.208601
867,2019110701004182,NABIL,45,58,50,755,37750.00,2019-11-08 08:01:49.208601
868,2019110701004183,NABIL,1,58,500,755,377500.00,2019-11-08 08:01:49.208601
869,2019110701004184,NABIL,1,58,500,755,377500.00,2019-11-08 08:01:49.208601
870,2019110701004185,NABIL,56,58,50,755,37750.00,2019-11-08 08:01:49.208601
871,2019110701004186,NABIL,56,58,467,755,352585.00,2019-11-08 08:01:49.208601
872,2019110701004187,NABIL,49,58,100,755,75500.00,2019-11-08 08:01:49.208601
873,2019110701004188,NABIL,22,58,100,755,75500.00,2019-11-08 08:01:49.208601
874,2019110701004189,NABIL,47,58,89,755,67195.00,2019-11-08 08:01:49.208601
875,2019110701004190,NIB,32,52,27,444,11988.00,2019-11-08 08:01:49.208601
876,2019110701004191,NIB,43,52,153,444,67932.00,2019-11-08 08:01:49.208601
877,2019110701004192,NBL,49,46,350,310,108500.00,2019-11-08 08:01:49.208601
878,2019110701004193,NBL,35,46,100,310,31000.00,2019-11-08 08:01:49.208601
879,2019110701004194,NBL,26,46,300,310,93000.00,2019-11-08 08:01:49.208601
880,2019110701004195,NBL,5,46,200,310,62000.00,2019-11-08 08:01:49.208601
881,2019110701004196,NBL,49,46,100,310,31000.00,2019-11-08 08:01:49.208601
882,2019110701004197,NBL,59,46,100,310,31000.00,2019-11-08 08:01:49.208601
883,2019110701004198,NBL,7,46,100,310,31000.00,2019-11-08 08:01:49.208601
884,2019110701004199,SMATA,25,6,19,522,9918.00,2019-11-08 08:01:49.208601
885,2019110701004200,API,25,38,50,107,5350.00,2019-11-08 08:01:49.208601
886,2019110701004201,SANIMA,11,52,75,306,22950.00,2019-11-08 08:01:49.208601
887,2019110701004202,CZBIL,54,42,100,189,18900.00,2019-11-08 08:01:49.208601
888,2019110701004203,CZBIL,4,42,500,189,94500.00,2019-11-08 08:01:49.208601
889,2019110701004204,CZBIL,51,42,50,189,9450.00,2019-11-08 08:01:49.208601
890,2019110701004205,CZBIL,54,42,100,189,18900.00,2019-11-08 08:01:49.208601
891,2019110701004206,CZBIL,54,42,250,189,47250.00,2019-11-08 08:01:49.208601
892,2019110701004207,API,14,29,50,106,5300.00,2019-11-08 08:01:49.208601
893,2019110701004208,GBBL,25,37,200,221,44200.00,2019-11-08 08:01:49.208601
894,2019110701004209,PRVU,1,34,20,265,5300.00,2019-11-08 08:01:49.208601
895,2019110701004210,NBB,58,40,20,207,4140.00,2019-11-08 08:01:49.208601
896,2019110701004211,PLIC,57,35,44,314,13816.00,2019-11-08 08:01:49.208601
897,2019110701004212,EBL,50,38,30,560,16800.00,2019-11-08 08:01:49.208601
898,2019110701004213,KADBL,42,40,40,169,6760.00,2019-11-08 08:01:49.208601
899,2019110701004125,HURJA,42,47,20,101,2020.00,2019-11-08 08:01:49.208601
900,2019110701004126,NIB,32,25,23,444,10212.00,2019-11-08 08:01:49.208601
901,2019110701004127,KKHC,42,32,10,54,540.00,2019-11-08 08:01:49.208601
902,2019110701004128,PRIN,26,37,100,311,31100.00,2019-11-08 08:01:49.208601
903,2019110701004129,PRIN,49,37,400,310,124000.00,2019-11-08 08:01:49.208601
904,2019110701004130,NSEWA,32,14,50,374,18700.00,2019-11-08 08:01:49.208601
905,2019110701004131,NMB,44,34,38,349,13262.00,2019-11-08 08:01:49.208601
906,2019110701004132,NMB,44,34,962,349,335738.00,2019-11-08 08:01:49.208601
907,2019110701004133,KKHC,42,32,10,54,540.00,2019-11-08 08:01:49.208601
908,2019110701004134,SABSL,37,45,10,453,4530.00,2019-11-08 08:01:49.208601
909,2019110701004135,UPPER,43,39,50,234,11700.00,2019-11-08 08:01:49.208601
910,2019110701004136,NLICL,53,21,10,423,4230.00,2019-11-08 08:01:49.208601
911,2019110701004137,NLICL,14,21,13,423,5499.00,2019-11-08 08:01:49.208601
912,2019110701004138,SKBBL,22,22,130,935,121550.00,2019-11-08 08:01:49.208601
913,2019110701004139,SBL,29,51,160,288,46080.00,2019-11-08 08:01:49.208601
914,2019110701004140,SBL,29,52,340,288,97920.00,2019-11-08 08:01:49.208601
915,2019110701004141,SJCL,38,39,10,165,1650.00,2019-11-08 08:01:49.208601
916,2019110701004142,ALBSL,55,6,40,383,15320.00,2019-11-08 08:01:49.208601
917,2019110701004143,JSLBB,57,18,30,1012,30360.00,2019-11-08 08:01:49.208601
918,2019110701004144,NMB,49,34,240,349,83760.00,2019-11-08 08:01:49.208601
919,2019110701004145,NMB,49,34,569,349,198581.00,2019-11-08 08:01:49.208601
920,2019110701004146,NIB,26,21,52,445,23140.00,2019-11-08 08:01:49.208601
921,2019110701004147,NIB,26,19,23,445,10235.00,2019-11-08 08:01:49.208601
922,2019110701004148,RHPL,41,39,40,169,6760.00,2019-11-08 08:01:49.208601
923,2019110701004149,ALICL,49,35,10,312,3120.00,2019-11-08 08:01:49.208601
924,2019110701004150,PRVU,1,34,50,265,13250.00,2019-11-08 08:01:49.208601
925,2019110701004094,UPCL,19,47,240,72,17280.00,2019-11-08 08:01:49.208601
926,2019110701004095,NICA,29,25,20,397,7940.00,2019-11-08 08:01:49.208601
927,2019110701004096,FOWAD,37,19,19,1321,25099.00,2019-11-08 08:01:49.208601
928,2019110701004097,KKHC,42,32,10,54,540.00,2019-11-08 08:01:49.208601
929,2019110701004098,NMFBS,17,21,20,1693,33860.00,2019-11-08 08:01:49.208601
930,2019110701004099,NMFBS,42,21,15,1693,25395.00,2019-11-08 08:01:49.208601
931,2019110701004100,NMB,26,34,300,349,104700.00,2019-11-08 08:01:49.208601
932,2019110701004101,NMB,49,34,300,349,104700.00,2019-11-08 08:01:49.208601
933,2019110701004102,SLBSL,1,45,20,722,14440.00,2019-11-08 08:01:49.208601
934,2019110701004103,KKHC,42,32,10,54,540.00,2019-11-08 08:01:49.208601
935,2019110701004104,PRVU,46,25,100,264,26400.00,2019-11-08 08:01:49.208601
936,2019110701004105,SDESI,22,19,27,621,16767.00,2019-11-08 08:01:49.208601
937,2019110701004106,BPCL,59,39,22,358,7876.00,2019-11-08 08:01:49.208601
938,2019110701004107,HURJA,42,47,20,101,2020.00,2019-11-08 08:01:49.208601
939,2019110701004108,GBBL,6,4,10,222,2220.00,2019-11-08 08:01:49.208601
940,2019110701004109,CBBL,51,21,20,965,19300.00,2019-11-08 08:01:49.208601
941,2019110701004110,CBBL,28,21,40,965,38600.00,2019-11-08 08:01:49.208601
942,2019110701004111,NMB,55,34,200,349,69800.00,2019-11-08 08:01:49.208601
943,2019110701004112,SRBL,32,7,98,205,20090.00,2019-11-08 08:01:49.208601
944,2019110701004113,SRBL,6,7,100,205,20500.00,2019-11-08 08:01:49.208601
945,2019110701004114,SRBL,32,7,147,205,30135.00,2019-11-08 08:01:49.208601
946,2019110701004115,SRBL,44,7,155,205,31775.00,2019-11-08 08:01:49.208601
947,2019110701004116,ILBS,58,39,10,446,4460.00,2019-11-08 08:01:49.208601
948,2019110701004117,PIC,53,42,300,360,108000.00,2019-11-08 08:01:49.208601
949,2019110701004118,MERO,32,1,35,437,15295.00,2019-11-08 08:01:49.208601
950,2019110701004119,GILB,47,42,15,845,12675.00,2019-11-08 08:01:49.208601
951,2019110701004120,NMB,44,34,500,349,174500.00,2019-11-08 08:01:49.208601
952,2019110701004121,OHL,57,18,110,451,49610.00,2019-11-08 08:01:49.208601
953,2019110701004122,SHPC,55,21,66,187,12342.00,2019-11-08 08:01:49.208601
954,2019110701004123,SADBL,37,36,1080,137,147960.00,2019-11-08 08:01:49.208601
955,2019110701004124,SADBL,37,44,20,139,2780.00,2019-11-08 08:01:49.208601
956,2019110701004069,SDESI,43,19,27,622,16794.00,2019-11-08 08:01:49.208601
957,2019110701004070,JBBL,13,28,41,155,6355.00,2019-11-08 08:01:49.208601
958,2019110701004071,UPPER,43,21,50,234,11700.00,2019-11-08 08:01:49.208601
959,2019110701004072,SCB,22,37,10,557,5570.00,2019-11-08 08:01:49.208601
960,2019110701004073,JSLBB,18,18,10,1032,10320.00,2019-11-08 08:01:49.208601
961,2019110701004074,FOWAD,37,19,19,1321,25099.00,2019-11-08 08:01:49.208601
962,2019110701004075,NIL,49,5,500,377,188500.00,2019-11-08 08:01:49.208601
963,2019110701004076,ADBL,17,49,30,415,12450.00,2019-11-08 08:01:49.208601
964,2019110701004077,UPPER,43,39,50,234,11700.00,2019-11-08 08:01:49.208601
965,2019110701004078,NMB,49,16,500,349,174500.00,2019-11-08 08:01:49.208601
966,2019110701004079,NMB,49,21,291,349,101559.00,2019-11-08 08:01:49.208601
967,2019110701004080,NMB,49,34,569,349,198581.00,2019-11-08 08:01:49.208601
968,2019110701004081,NMB,49,34,1640,349,572360.00,2019-11-08 08:01:49.208601
969,2019110701004082,CCBL,56,14,100,157,15700.00,2019-11-08 08:01:49.208601
970,2019110701004083,NIB,51,21,250,445,111250.00,2019-11-08 08:01:49.208601
971,2019110701004084,SKBBL,50,22,50,938,46900.00,2019-11-08 08:01:49.208601
972,2019110701004085,SJCL,38,39,20,165,3300.00,2019-11-08 08:01:49.208601
973,2019110701004086,MNBBL,13,43,200,317,63400.00,2019-11-08 08:01:49.208601
974,2019110701004087,NMBMF,57,19,10,496,4960.00,2019-11-08 08:01:49.208601
975,2019110701004088,NMBMF,37,19,31,495,15345.00,2019-11-08 08:01:49.208601
976,2019110701004089,PRVU,59,34,500,265,132500.00,2019-11-08 08:01:49.208601
977,2019110701004090,BOKL,28,25,200,225,45000.00,2019-11-08 08:01:49.208601
978,2019110701004091,RHPL,41,39,50,169,8450.00,2019-11-08 08:01:49.208601
979,2019110701004092,NMB,5,34,105,349,36645.00,2019-11-08 08:01:49.208601
980,2019110701004093,NMB,5,34,395,349,137855.00,2019-11-08 08:01:49.208601
981,2019110701004037,PIC,53,37,10,360,3600.00,2019-11-08 08:01:49.208601
982,2019110701004038,NLBBL,25,16,10,509,5090.00,2019-11-08 08:01:49.208601
983,2019110701004039,NLBBL,46,16,90,502,45180.00,2019-11-08 08:01:49.208601
984,2019110701004040,ALBSL,55,39,10,383,3830.00,2019-11-08 08:01:49.208601
985,2019110701004041,UPPER,45,13,50,235,11750.00,2019-11-08 08:01:49.208601
986,2019110701004042,UPPER,45,13,40,235,9400.00,2019-11-08 08:01:49.208601
987,2019110701004043,UPPER,45,13,40,235,9400.00,2019-11-08 08:01:49.208601
988,2019110701004044,UPPER,45,13,50,235,11750.00,2019-11-08 08:01:49.208601
989,2019110701004045,UPPER,45,3,20,235,4700.00,2019-11-08 08:01:49.208601
990,2019110701004046,API,25,10,45,106,4770.00,2019-11-08 08:01:49.208601
991,2019110701004047,API,39,10,100,105,10500.00,2019-11-08 08:01:49.208601
992,2019110701004048,API,16,10,55,105,5775.00,2019-11-08 08:01:49.208601
993,2019110701004049,HBL,48,5,20,480,9600.00,2019-11-08 08:01:49.208601
994,2019110701004050,SJCL,38,21,20,165,3300.00,2019-11-08 08:01:49.208601
995,2019110701004051,JSLBB,18,45,20,1012,20240.00,2019-11-08 08:01:49.208601
996,2019110701004052,PRVU,56,44,146,264,38544.00,2019-11-08 08:01:49.208601
997,2019110701004053,PRVU,39,44,200,264,52800.00,2019-11-08 08:01:49.208601
998,2019110701004054,PRVU,46,44,154,264,40656.00,2019-11-08 08:01:49.208601
999,2019110701004055,MSMBS,55,22,34,456,15504.00,2019-11-08 08:01:49.208601
1000,2019110701004056,UPPER,43,39,40,234,9360.00,2019-11-08 08:01:49.208601
1001,2019110701004057,SLBSL,21,21,10,720,7200.00,2019-11-08 08:01:49.208601
1002,2019110701004058,ILBS,58,38,15,446,6690.00,2019-11-08 08:01:49.208601
1003,2019110701004059,PRVU,46,37,30,264,7920.00,2019-11-08 08:01:49.208601
1004,2019110701004060,SJCL,38,39,20,165,3300.00,2019-11-08 08:01:49.208601
1005,2019110701004061,NCCB,48,45,297,204,60588.00,2019-11-08 08:01:49.208601
1006,2019110701004062,NMB,14,14,253,348,88044.00,2019-11-08 08:01:49.208601
1007,2019110701004063,UNHPL,25,21,50,51,2550.00,2019-11-08 08:01:49.208601
1008,2019110701004064,VLBS,16,51,50,554,27700.00,2019-11-08 08:01:49.208601
1009,2019110701004065,SBL,33,37,20,287,5740.00,2019-11-08 08:01:49.208601
1010,2019110701004066,RHPL,41,39,40,169,6760.00,2019-11-08 08:01:49.208601
1011,2019110701004067,CBL,45,51,108,141,15228.00,2019-11-08 08:01:49.208601
1012,2019110701004068,CBL,56,1,100,142,14200.00,2019-11-08 08:01:49.208601
1013,2019110701003993,GUFL,44,37,25,110,2750.00,2019-11-08 08:01:49.208601
1014,2019110701003994,NMB,40,26,2000,348,696000.00,2019-11-08 08:01:49.208601
1015,2019110701003995,NMB,40,58,975,348,339300.00,2019-11-08 08:01:49.208601
1016,2019110701003996,NMB,40,20,78,348,27144.00,2019-11-08 08:01:49.208601
1017,2019110701003997,NMB,40,25,524,348,182352.00,2019-11-08 08:01:49.208601
1018,2019110701003998,NMB,51,14,400,347,138800.00,2019-11-08 08:01:49.208601
1019,2019110701003999,UPPER,43,39,50,234,11700.00,2019-11-08 08:01:49.208601
1020,2019110701004000,LBL,55,42,238,219,52122.00,2019-11-08 08:01:49.208601
1021,2019110701004001,SHL,34,42,110,204,22440.00,2019-11-08 08:01:49.208601
1022,2019110701004002,HURJA,45,21,10,102,1020.00,2019-11-08 08:01:49.208601
1023,2019110701004003,HURJA,42,21,10,101,1010.00,2019-11-08 08:01:49.208601
1024,2019110701004004,NBB,55,37,15,206,3090.00,2019-11-08 08:01:49.208601
1025,2019110701004005,SCB,6,13,20,557,11140.00,2019-11-08 08:01:49.208601
1026,2019110701004006,SJCL,38,39,20,165,3300.00,2019-11-08 08:01:49.208601
1027,2019110701004007,PRIN,26,41,100,311,31100.00,2019-11-08 08:01:49.208601
1028,2019110701004008,SHPC,52,28,200,188,37600.00,2019-11-08 08:01:49.208601
1029,2019110701004009,SHPC,46,28,576,187,107712.00,2019-11-08 08:01:49.208601
1030,2019110701004010,SHPC,54,28,100,187,18700.00,2019-11-08 08:01:49.208601
1031,2019110701004011,SHPC,55,28,124,187,23188.00,2019-11-08 08:01:49.208601
1032,2019110701004012,PIC,53,21,20,360,7200.00,2019-11-08 08:01:49.208601
1033,2019110701004013,KSBBL,38,47,13,144,1872.00,2019-11-08 08:01:49.208601
1034,2019110701004014,BPCL,1,49,150,363,54450.00,2019-11-08 08:01:49.208601
1035,2019110701004015,BPCL,55,49,189,362,68418.00,2019-11-08 08:01:49.208601
1036,2019110701004016,BPCL,39,49,1081,360,389160.00,2019-11-08 08:01:49.208601
1037,2019110701004017,BPCL,41,49,100,360,36000.00,2019-11-08 08:01:49.208601
1038,2019110701004018,BPCL,51,49,500,360,180000.00,2019-11-08 08:01:49.208601
1039,2019110701004019,BPCL,59,49,50,359,17950.00,2019-11-08 08:01:49.208601
1040,2019110701004020,BPCL,59,49,300,359,107700.00,2019-11-08 08:01:49.208601
1041,2019110701004021,BPCL,59,49,5000,359,1795000.00,2019-11-08 08:01:49.208601
1042,2019110701004022,BPCL,41,49,100,359,35900.00,2019-11-08 08:01:49.208601
1043,2019110701004023,NADEP,5,19,70,390,27300.00,2019-11-08 08:01:49.208601
1044,2019110701004024,NADEP,5,42,30,390,11700.00,2019-11-08 08:01:49.208601
1045,2019110701004025,RHPL,41,39,40,169,6760.00,2019-11-08 08:01:49.208601
1046,2019110701004026,NICA,29,37,20,397,7940.00,2019-11-08 08:01:49.208601
1047,2019110701004027,NIB,42,21,116,445,51620.00,2019-11-08 08:01:49.208601
1048,2019110701004028,NIB,43,21,82,445,36490.00,2019-11-08 08:01:49.208601
1049,2019110701004029,RHPL,41,21,40,169,6760.00,2019-11-08 08:01:49.208601
1050,2019110701004030,API,25,38,50,107,5350.00,2019-11-08 08:01:49.208601
1051,2019110701004031,FOWAD,37,25,12,1321,15852.00,2019-11-08 08:01:49.208601
1052,2019110701004032,RHPC,47,34,108,73,7884.00,2019-11-08 08:01:49.208601
1053,2019110701004033,ILBS,58,39,10,446,4460.00,2019-11-08 08:01:49.208601
1054,2019110701004034,PCBL,43,37,30,261,7830.00,2019-11-08 08:01:49.208601
1055,2019110701004035,NNLB,1,38,35,456,15960.00,2019-11-08 08:01:49.208601
1056,2019110701004036,SHIVM,34,21,100,481,48100.00,2019-11-08 08:01:49.208601
1057,2019110701003968,NIB,45,17,20,446,8920.00,2019-11-08 08:01:49.208601
1058,2019110701003969,NIB,34,17,500,446,223000.00,2019-11-08 08:01:49.208601
1059,2019110701003970,MSMBS,55,39,11,456,5016.00,2019-11-08 08:01:49.208601
1060,2019110701003971,CFCL,44,28,2370,108,255960.00,2019-11-08 08:01:49.208601
1061,2019110701003972,CCBL,38,14,100,157,15700.00,2019-11-08 08:01:49.208601
1062,2019110701003973,BOKL,28,37,30,225,6750.00,2019-11-08 08:01:49.208601
1063,2019110701003974,VLBS,16,20,10,554,5540.00,2019-11-08 08:01:49.208601
1064,2019110701003975,NICA,46,28,24,399,9576.00,2019-11-08 08:01:49.208601
1065,2019110701003976,AKBSL,48,39,10,408,4080.00,2019-11-08 08:01:49.208601
1066,2019110701003977,SWBBL,39,34,50,925,46250.00,2019-11-08 08:01:49.208601
1067,2019110701003978,CBL,45,37,30,141,4230.00,2019-11-08 08:01:49.208601
1068,2019110701003979,JFL,6,28,500,192,96000.00,2019-11-08 08:01:49.208601
1069,2019110701003980,SABSL,37,39,10,453,4530.00,2019-11-08 08:01:49.208601
1070,2019110701003981,PCBL,43,52,200,261,52200.00,2019-11-08 08:01:49.208601
1071,2019110701003982,UPPER,43,38,50,234,11700.00,2019-11-08 08:01:49.208601
1072,2019110701003983,SLBBL,37,33,20,573,11460.00,2019-11-08 08:01:49.208601
1073,2019110701003984,DDBL,41,29,38,732,27816.00,2019-11-08 08:01:49.208601
1074,2019110701003985,SADBL,13,36,500,137,68500.00,2019-11-08 08:01:49.208601
1075,2019110701003986,SLICL,17,17,30,259,7770.00,2019-11-08 08:01:49.208601
1076,2019110701003987,SLICL,32,17,124,257,31868.00,2019-11-08 08:01:49.208601
1077,2019110701003988,SLICL,32,17,246,257,63222.00,2019-11-08 08:01:49.208601
1078,2019110701003989,CCBL,45,37,15,156,2340.00,2019-11-08 08:01:49.208601
1079,2019110701003990,NMB,41,45,28,348,9744.00,2019-11-08 08:01:49.208601
1080,2019110701003991,NMB,41,20,72,348,25056.00,2019-11-08 08:01:49.208601
1081,2019110701003992,SAPDBL,44,17,11,121,1331.00,2019-11-08 08:01:49.208601
1082,2019110701003943,NBL,43,46,29,310,8990.00,2019-11-08 08:01:49.208601
1083,2019110701003944,PCBL,34,18,156,261,40716.00,2019-11-08 08:01:49.208601
1084,2019110701003945,PCBL,43,18,44,261,11484.00,2019-11-08 08:01:49.208601
1085,2019110701003946,MEGA,55,44,40,186,7440.00,2019-11-08 08:01:49.208601
1086,2019110701003947,CEFL,4,42,167,102,17034.00,2019-11-08 08:01:49.208601
1087,2019110701003948,CBL,45,59,1000,141,141000.00,2019-11-08 08:01:49.208601
1088,2019110701003949,RHPL,54,39,40,169,6760.00,2019-11-08 08:01:49.208601
1089,2019110701003950,MHNL,22,39,100,76,7600.00,2019-11-08 08:01:49.208601
1090,2019110701003951,MHNL,38,39,10,75,750.00,2019-11-08 08:01:49.208601
1091,2019110701003952,MHNL,40,39,100,75,7500.00,2019-11-08 08:01:49.208601
1092,2019110701003953,MHNL,29,39,200,75,15000.00,2019-11-08 08:01:49.208601
1093,2019110701003954,CBL,45,21,100,141,14100.00,2019-11-08 08:01:49.208601
1094,2019110701003955,NMB,36,1,250,348,87000.00,2019-11-08 08:01:49.208601
1095,2019110701003956,NMB,36,46,147,348,51156.00,2019-11-08 08:01:49.208601
1096,2019110701003957,NMB,36,47,50,348,17400.00,2019-11-08 08:01:49.208601
1097,2019110701003958,NMB,36,35,100,348,34800.00,2019-11-08 08:01:49.208601
1098,2019110701003959,NMB,36,47,453,348,157644.00,2019-11-08 08:01:49.208601
1099,2019110701003960,NMB,34,47,83,348,28884.00,2019-11-08 08:01:49.208601
1100,2019110701003961,NMB,34,45,17,348,5916.00,2019-11-08 08:01:49.208601
1101,2019110701003962,NADEP,43,39,10,388,3880.00,2019-11-08 08:01:49.208601
1102,2019110701003963,NADEP,1,39,10,387,3870.00,2019-11-08 08:01:49.208601
1103,2019110701003964,NMB,51,37,150,347,52050.00,2019-11-08 08:01:49.208601
1104,2019110701003965,FOWAD,19,42,10,1321,13210.00,2019-11-08 08:01:49.208601
1105,2019110701003966,FOWAD,37,42,20,1321,26420.00,2019-11-08 08:01:49.208601
1106,2019110701003967,NBL,43,4,10,311,3110.00,2019-11-08 08:01:49.208601
1107,2019110701003907,CEFL,39,42,500,102,51000.00,2019-11-08 08:01:49.208601
1108,2019110701003908,SHIVM,19,58,100,484,48400.00,2019-11-08 08:01:49.208601
1109,2019110701003909,ILBS,32,34,10,450,4500.00,2019-11-08 08:01:49.208601
1110,2019110701003910,ILBS,32,34,50,450,22500.00,2019-11-08 08:01:49.208601
1111,2019110701003911,ILBS,32,32,10,450,4500.00,2019-11-08 08:01:49.208601
1112,2019110701003912,ILBS,32,32,10,450,4500.00,2019-11-08 08:01:49.208601
1113,2019110701003913,ILBS,32,38,10,450,4500.00,2019-11-08 08:01:49.208601
1114,2019110701003914,ILBS,32,38,10,450,4500.00,2019-11-08 08:01:49.208601
1115,2019110701003915,NBL,32,46,1756,310,544360.00,2019-11-08 08:01:49.208601
1116,2019110701003916,MEGA,51,18,171,186,31806.00,2019-11-08 08:01:49.208601
1117,2019110701003917,MEGA,51,18,100,186,18600.00,2019-11-08 08:01:49.208601
1118,2019110701003918,MEGA,49,18,100,186,18600.00,2019-11-08 08:01:49.208601
1119,2019110701003919,MEGA,1,18,129,186,23994.00,2019-11-08 08:01:49.208601
1120,2019110701003920,UPPER,43,39,40,234,9360.00,2019-11-08 08:01:49.208601
1121,2019110701003921,ADBL,52,29,20,414,8280.00,2019-11-08 08:01:49.208601
1122,2019110701003922,MEGA,21,44,1000,186,186000.00,2019-11-08 08:01:49.208601
1123,2019110701003923,MEGA,1,44,221,186,41106.00,2019-11-08 08:01:49.208601
1124,2019110701003924,MEGA,59,44,100,186,18600.00,2019-11-08 08:01:49.208601
1125,2019110701003925,MEGA,59,44,100,186,18600.00,2019-11-08 08:01:49.208601
1126,2019110701003926,MEGA,53,44,1000,186,186000.00,2019-11-08 08:01:49.208601
1127,2019110701003927,MEGA,59,44,100,186,18600.00,2019-11-08 08:01:49.208601
1128,2019110701003928,MEGA,28,44,17,186,3162.00,2019-11-08 08:01:49.208601
1129,2019110701003929,MEGA,47,44,10,186,1860.00,2019-11-08 08:01:49.208601
1130,2019110701003930,NLIC,29,17,88,785,69080.00,2019-11-08 08:01:49.208601
1131,2019110701003931,PRVU,38,34,100,265,26500.00,2019-11-08 08:01:49.208601
1132,2019110701003932,SJCL,38,39,20,165,3300.00,2019-11-08 08:01:49.208601
1133,2019110701003933,ADBL,52,29,15,414,6210.00,2019-11-08 08:01:49.208601
1134,2019110701003934,ADBL,56,49,100,415,41500.00,2019-11-08 08:01:49.208601
1135,2019110701003935,NMB,41,46,50,348,17400.00,2019-11-08 08:01:49.208601
1136,2019110701003936,AHPC,6,43,500,95,47500.00,2019-11-08 08:01:49.208601
1137,2019110701003937,MLBL,40,45,100,184,18400.00,2019-11-08 08:01:49.208601
1138,2019110701003938,MLBL,58,45,30,184,5520.00,2019-11-08 08:01:49.208601
1139,2019110701003939,MLBL,59,45,50,184,9200.00,2019-11-08 08:01:49.208601
1140,2019110701003940,MLBL,46,45,70,184,12880.00,2019-11-08 08:01:49.208601
1141,2019110701003941,MNBBL,13,48,130,317,41210.00,2019-11-08 08:01:49.208601
1142,2019110701003942,MNBBL,13,45,284,317,90028.00,2019-11-08 08:01:49.208601
1143,2019110701003886,CBL,45,57,107,141,15087.00,2019-11-08 08:01:49.208601
1144,2019110701003887,CBL,45,59,500,141,70500.00,2019-11-08 08:01:49.208601
1145,2019110701003888,CBL,45,6,93,141,13113.00,2019-11-08 08:01:49.208601
1146,2019110701003889,CBL,45,58,50,141,7050.00,2019-11-08 08:01:49.208601
1147,2019110701003890,CBL,45,14,500,141,70500.00,2019-11-08 08:01:49.208601
1148,2019110701003891,EIC,59,6,176,220,38720.00,2019-11-08 08:01:49.208601
1149,2019110701003892,GLBSL,19,26,10,425,4250.00,2019-11-08 08:01:49.208601
1150,2019110701003893,SLBSL,21,55,10,720,7200.00,2019-11-08 08:01:49.208601
1151,2019110701003894,MNBBL,22,48,30,317,9510.00,2019-11-08 08:01:49.208601
1152,2019110701003895,NICA,14,44,56,397,22232.00,2019-11-08 08:01:49.208601
1153,2019110701003896,NICA,29,44,57,397,22629.00,2019-11-08 08:01:49.208601
1154,2019110701003897,KBL,8,10,500,179,89500.00,2019-11-08 08:01:49.208601
1155,2019110701003898,KBL,16,10,80,179,14320.00,2019-11-08 08:01:49.208601
1156,2019110701003899,KBL,8,10,1000,179,179000.00,2019-11-08 08:01:49.208601
1157,2019110701003900,KBL,44,10,420,178,74760.00,2019-11-08 08:01:49.208601
1158,2019110701003901,SHIVM,25,58,20,484,9680.00,2019-11-08 08:01:49.208601
1159,2019110701003902,CFCL,35,17,50,108,5400.00,2019-11-08 08:01:49.208601
1160,2019110701003903,CFCL,44,17,113,108,12204.00,2019-11-08 08:01:49.208601
1161,2019110701003904,CIT,16,6,13,1770,23010.00,2019-11-08 08:01:49.208601
1162,2019110701003905,UPPER,59,44,17,234,3978.00,2019-11-08 08:01:49.208601
1163,2019110701003906,UPPER,57,44,23,234,5382.00,2019-11-08 08:01:49.208601
1164,2019110701003862,RHPL,54,55,10,169,1690.00,2019-11-08 08:01:49.208601
1165,2019110701003863,NBL,10,57,506,310,156860.00,2019-11-08 08:01:49.208601
1166,2019110701003864,NBL,42,57,250,310,77500.00,2019-11-08 08:01:49.208601
1167,2019110701003865,NBL,32,57,744,310,230640.00,2019-11-08 08:01:49.208601
1168,2019110701003866,MEGA,37,53,171,186,31806.00,2019-11-08 08:01:49.208601
1169,2019110701003867,MEGA,51,53,829,186,154194.00,2019-11-08 08:01:49.208601
1170,2019110701003868,NMB,18,43,350,348,121800.00,2019-11-08 08:01:49.208601
1171,2019110701003869,NMB,18,54,350,348,121800.00,2019-11-08 08:01:49.208601
1172,2019110701003870,NMB,49,54,650,348,226200.00,2019-11-08 08:01:49.208601
1173,2019110701003871,NMB,49,52,126,348,43848.00,2019-11-08 08:01:49.208601
1174,2019110701003872,NMB,49,52,224,348,77952.00,2019-11-08 08:01:49.208601
1175,2019110701003873,SLBSL,1,52,20,721,14420.00,2019-11-08 08:01:49.208601
1176,2019110701003874,SLBSL,21,52,80,720,57600.00,2019-11-08 08:01:49.208601
1177,2019110701003875,RRHP,22,55,10,104,1040.00,2019-11-08 08:01:49.208601
1178,2019110701003876,NIB,43,45,20,447,8940.00,2019-11-08 08:01:49.208601
1179,2019110701003877,NMB,57,52,1000,348,348000.00,2019-11-08 08:01:49.208601
1180,2019110701003878,NMB,25,52,176,348,61248.00,2019-11-08 08:01:49.208601
1181,2019110701003879,NMB,25,14,101,348,35148.00,2019-11-08 08:01:49.208601
1182,2019110701003880,NMB,25,22,170,348,59160.00,2019-11-08 08:01:49.208601
1183,2019110701003881,NMB,25,46,53,348,18444.00,2019-11-08 08:01:49.208601
1184,2019110701003882,SJCL,38,55,10,165,1650.00,2019-11-08 08:01:49.208601
1185,2019110701003883,NMB,25,46,100,348,34800.00,2019-11-08 08:01:49.208601
1186,2019110701003884,PRVU,28,34,12,265,3180.00,2019-11-08 08:01:49.208601
1187,2019110701003885,MERO,21,17,17,435,7395.00,2019-11-08 08:01:49.208601
1188,2019110701003840,MNBBLP,28,43,27000,184,4968000.00,2019-11-08 08:01:49.208601
1189,2019110701003841,SCB,17,45,13,558,7254.00,2019-11-08 08:01:49.208601
1190,2019110701003842,SJCL,38,25,10,165,1650.00,2019-11-08 08:01:49.208601
1191,2019110701003843,SABSL,37,49,10,453,4530.00,2019-11-08 08:01:49.208601
1192,2019110701003844,GLICL,6,25,20,363,7260.00,2019-11-08 08:01:49.208601
1193,2019110701003845,KBL,48,48,100,179,17900.00,2019-11-08 08:01:49.208601
1194,2019110701003846,RHPL,26,1,30,170,5100.00,2019-11-08 08:01:49.208601
1195,2019110701003847,RHPL,26,26,10,170,1700.00,2019-11-08 08:01:49.208601
1196,2019110701003848,UPPER,52,47,100,234,23400.00,2019-11-08 08:01:49.208601
1197,2019110701003849,UPPER,59,47,233,234,54522.00,2019-11-08 08:01:49.208601
1198,2019110701003850,PRVU,58,34,200,265,53000.00,2019-11-08 08:01:49.208601
1199,2019110701003851,NBL,43,36,160,310,49600.00,2019-11-08 08:01:49.208601
1200,2019110701003852,NBL,26,36,100,310,31000.00,2019-11-08 08:01:49.208601
1201,2019110701003853,NBL,25,36,100,310,31000.00,2019-11-08 08:01:49.208601
1202,2019110701003854,NBL,10,36,1594,310,494140.00,2019-11-08 08:01:49.208601
1203,2019110701003855,CBL,35,19,102,141,14382.00,2019-11-08 08:01:49.208601
1204,2019110701003856,CBL,35,57,208,141,29328.00,2019-11-08 08:01:49.208601
1205,2019110701003857,SJCL,26,38,20,166,3320.00,2019-11-08 08:01:49.208601
1206,2019110701003858,NMB,49,43,150,348,52200.00,2019-11-08 08:01:49.208601
1207,2019110701003859,GLBSL,26,47,10,425,4250.00,2019-11-08 08:01:49.208601
1208,2019110701003860,PRVU,19,34,150,265,39750.00,2019-11-08 08:01:49.208601
1209,2019110701003861,GLBSL,21,55,10,424,4240.00,2019-11-08 08:01:49.208601
1210,2019110701003812,GFCL,47,11,100,132,13200.00,2019-11-08 08:01:49.208601
1211,2019110701003813,GFCL,59,11,300,131,39300.00,2019-11-08 08:01:49.208601
1212,2019110701003814,GFCL,1,11,1000,131,131000.00,2019-11-08 08:01:49.208601
1213,2019110701003815,GFCL,40,11,500,131,65500.00,2019-11-08 08:01:49.208601
1214,2019110701003816,GFCL,42,11,500,131,65500.00,2019-11-08 08:01:49.208601
1215,2019110701003817,GFCL,59,11,300,131,39300.00,2019-11-08 08:01:49.208601
1216,2019110701003818,CBL,21,35,200,140,28000.00,2019-11-08 08:01:49.208601
1217,2019110701003819,NBL,34,4,100,311,31100.00,2019-11-08 08:01:49.208601
1218,2019110701003820,NBL,43,22,40,310,12400.00,2019-11-08 08:01:49.208601
1219,2019110701003821,PPCL,39,49,20,94,1880.00,2019-11-08 08:01:49.208601
1220,2019110701003822,PPCL,39,44,20,94,1880.00,2019-11-08 08:01:49.208601
1221,2019110701003823,NIB,35,45,58,447,25926.00,2019-11-08 08:01:49.208601
1222,2019110701003824,RHPL,54,25,40,169,6760.00,2019-11-08 08:01:49.208601
1223,2019110701003825,NABIL,44,5,76,757,57532.00,2019-11-08 08:01:49.208601
1224,2019110701003826,KBL,58,44,20,180,3600.00,2019-11-08 08:01:49.208601
1225,2019110701003827,SIFC,28,36,389,151,58739.00,2019-11-08 08:01:49.208601
1226,2019110701003828,SIFC,43,36,400,151,60400.00,2019-11-08 08:01:49.208601
1227,2019110701003829,SIFC,6,36,300,151,45300.00,2019-11-08 08:01:49.208601
1228,2019110701003830,SIFC,28,36,172,150,25800.00,2019-11-08 08:01:49.208601
1229,2019110701003831,GMFBS,32,16,10,451,4510.00,2019-11-08 08:01:49.208601
1230,2019110701003832,API,45,39,10,107,1070.00,2019-11-08 08:01:49.208601
1231,2019110701003833,API,47,39,200,105,21000.00,2019-11-08 08:01:49.208601
1232,2019110701003834,API,37,39,1000,105,105000.00,2019-11-08 08:01:49.208601
1233,2019110701003835,API,22,39,20,105,2100.00,2019-11-08 08:01:49.208601
1234,2019110701003836,API,52,39,500,105,52500.00,2019-11-08 08:01:49.208601
1235,2019110701003837,API,1,39,300,105,31500.00,2019-11-08 08:01:49.208601
1236,2019110701003838,RHPL,54,25,40,169,6760.00,2019-11-08 08:01:49.208601
1237,2019110701003839,PRVU,19,34,100,265,26500.00,2019-11-08 08:01:49.208601
1238,2019110701003780,NICA,38,28,140,399,55860.00,2019-11-08 08:01:49.208601
1239,2019110701003781,SPARS,49,16,10,520,5200.00,2019-11-08 08:01:49.208601
1240,2019110701003782,API,43,14,15,106,1590.00,2019-11-08 08:01:49.208601
1241,2019110701003783,ILBS,58,7,10,448,4480.00,2019-11-08 08:01:49.208601
1242,2019110701003784,ILBS,58,7,10,448,4480.00,2019-11-08 08:01:49.208601
1243,2019110701003785,ILBS,58,48,50,448,22400.00,2019-11-08 08:01:49.208601
1244,2019110701003786,ILBS,58,34,100,449,44900.00,2019-11-08 08:01:49.208601
1245,2019110701003787,ILBS,58,6,100,450,45000.00,2019-11-08 08:01:49.208601
1246,2019110701003788,ILBS,58,17,50,450,22500.00,2019-11-08 08:01:49.208601
1247,2019110701003789,NICA,38,28,135,399,53865.00,2019-11-08 08:01:49.208601
1248,2019110701003790,GLBSL,40,7,100,428,42800.00,2019-11-08 08:01:49.208601
1249,2019110701003791,PMHPL,52,42,10,86,860.00,2019-11-08 08:01:49.208601
1250,2019110701003792,PMHPL,52,42,10,86,860.00,2019-11-08 08:01:49.208601
1251,2019110701003793,NICA,18,28,74,399,29526.00,2019-11-08 08:01:49.208601
1252,2019110701003794,HPPL,52,48,1000,138,138000.00,2019-11-08 08:01:49.208601
1253,2019110701003795,NICA,38,28,125,399,49875.00,2019-11-08 08:01:49.208601
1254,2019110701003796,NCCB,48,48,420,204,85680.00,2019-11-08 08:01:49.208601
1255,2019110701003797,NCCB,48,45,283,204,57732.00,2019-11-08 08:01:49.208601
1256,2019110701003798,UPPER,32,16,38,234,8892.00,2019-11-08 08:01:49.208601
1257,2019110701003799,UPPER,37,16,12,234,2808.00,2019-11-08 08:01:49.208601
1258,2019110701003800,RHPL,59,25,10,170,1700.00,2019-11-08 08:01:49.208601
1259,2019110701003801,RHPL,59,45,30,170,5100.00,2019-11-08 08:01:49.208601
1260,2019110701003802,RHPL,59,42,40,170,6800.00,2019-11-08 08:01:49.208601
1261,2019110701003803,RHPL,59,44,500,170,85000.00,2019-11-08 08:01:49.208601
1262,2019110701003804,RHPL,59,58,400,170,68000.00,2019-11-08 08:01:49.208601
1263,2019110701003805,NLIC,51,55,10,788,7880.00,2019-11-08 08:01:49.208601
1264,2019110701003806,EBL,46,38,100,560,56000.00,2019-11-08 08:01:49.208601
1265,2019110701003807,LICN,34,10,10,988,9880.00,2019-11-08 08:01:49.208601
1266,2019110701003808,NBB,55,28,50,206,10300.00,2019-11-08 08:01:49.208601
1267,2019110701003809,GBBL,4,4,10,222,2220.00,2019-11-08 08:01:49.208601
1268,2019110701003810,PRVU,51,34,500,265,132500.00,2019-11-08 08:01:49.208601
1269,2019110701003811,SJCL,38,25,20,165,3300.00,2019-11-08 08:01:49.208601
1270,2019110701003746,NLBBL,46,17,71,502,35642.00,2019-11-08 08:01:49.208601
1271,2019110701003747,NICL,25,51,16,259,4144.00,2019-11-08 08:01:49.208601
1272,2019110701003748,NICL,25,1,90,259,23310.00,2019-11-08 08:01:49.208601
1273,2019110701003749,NICL,25,11,14,260,3640.00,2019-11-08 08:01:49.208601
1274,2019110701003750,NIB,22,38,127,448,56896.00,2019-11-08 08:01:49.208601
1275,2019110701003751,NIB,22,44,100,448,44800.00,2019-11-08 08:01:49.208601
1276,2019110701003752,NIB,22,46,10,448,4480.00,2019-11-08 08:01:49.208601
1277,2019110701003753,NMB,51,16,200,347,69400.00,2019-11-08 08:01:49.208601
1278,2019110701003754,UPPER,32,16,50,234,11700.00,2019-11-08 08:01:49.208601
1279,2019110701003755,SLBBL,37,1,24,573,13752.00,2019-11-08 08:01:49.208601
1280,2019110701003756,CHCL,49,49,198,447,88506.00,2019-11-08 08:01:49.208601
1281,2019110701003757,NICA,46,28,17,399,6783.00,2019-11-08 08:01:49.208601
1282,2019110701003758,NABIL,32,42,50,756,37800.00,2019-11-08 08:01:49.208601
1283,2019110701003759,MBL,58,38,285,225,64125.00,2019-11-08 08:01:49.208601
1284,2019110701003760,MBL,58,38,250,225,56250.00,2019-11-08 08:01:49.208601
1285,2019110701003761,MBL,58,29,60,225,13500.00,2019-11-08 08:01:49.208601
1286,2019110701003762,MBL,58,38,240,225,54000.00,2019-11-08 08:01:49.208601
1287,2019110701003763,MBL,58,38,165,225,37125.00,2019-11-08 08:01:49.208601
1288,2019110701003764,CBL,17,49,334,140,46760.00,2019-11-08 08:01:49.208601
1289,2019110701003765,CBL,17,49,500,140,70000.00,2019-11-08 08:01:49.208601
1290,2019110701003766,CBL,7,49,1000,140,140000.00,2019-11-08 08:01:49.208601
1291,2019110701003767,CBL,41,49,200,140,28000.00,2019-11-08 08:01:49.208601
1292,2019110701003768,CBL,34,49,50,140,7000.00,2019-11-08 08:01:49.208601
1293,2019110701003769,CBL,28,49,194,140,27160.00,2019-11-08 08:01:49.208601
1294,2019110701003770,CBL,41,49,200,140,28000.00,2019-11-08 08:01:49.208601
1295,2019110701003771,CBL,21,49,49,140,6860.00,2019-11-08 08:01:49.208601
1296,2019110701003772,PRVU,45,34,218,265,57770.00,2019-11-08 08:01:49.208601
1297,2019110701003773,SRBL,32,41,103,205,21115.00,2019-11-08 08:01:49.208601
1298,2019110701003774,UPPER,32,16,40,234,9360.00,2019-11-08 08:01:49.208601
1299,2019110701003775,GBBL,32,39,570,221,125970.00,2019-11-08 08:01:49.208601
1300,2019110701003776,NABIL,28,42,206,756,155736.00,2019-11-08 08:01:49.208601
1301,2019110701003777,GLBSL,19,6,10,427,4270.00,2019-11-08 08:01:49.208601
1302,2019110701003778,GLBSL,19,53,10,427,4270.00,2019-11-08 08:01:49.208601
1303,2019110701003779,NICA,38,28,160,399,63840.00,2019-11-08 08:01:49.208601
1304,2019110701003712,NMB,49,59,231,347,80157.00,2019-11-08 08:01:49.208601
1305,2019110701003713,NMB,49,29,1000,347,347000.00,2019-11-08 08:01:49.208601
1306,2019110701003714,NMB,49,38,1500,347,520500.00,2019-11-08 08:01:49.208601
1307,2019110701003715,NMB,49,38,200,347,69400.00,2019-11-08 08:01:49.208601
1308,2019110701003716,NMB,49,32,31,347,10757.00,2019-11-08 08:01:49.208601
1309,2019110701003717,NMB,49,14,63,347,21861.00,2019-11-08 08:01:49.208601
1310,2019110701003718,SADBL,58,36,192,137,26304.00,2019-11-08 08:01:49.208601
1311,2019110701003719,SADBL,16,36,100,137,13700.00,2019-11-08 08:01:49.208601
1312,2019110701003720,SWBBL,39,14,140,924,129360.00,2019-11-08 08:01:49.208601
1313,2019110701003721,NABIL,50,42,100,756,75600.00,2019-11-08 08:01:49.208601
1314,2019110701003722,ILBS,42,45,10,445,4450.00,2019-11-08 08:01:49.208601
1315,2019110701003723,NMB,44,16,200,347,69400.00,2019-11-08 08:01:49.208601
1316,2019110701003724,CZBIL,55,54,500,189,94500.00,2019-11-08 08:01:49.208601
1317,2019110701003725,NBL,38,22,100,310,31000.00,2019-11-08 08:01:49.208601
1318,2019110701003726,NBL,6,22,100,310,31000.00,2019-11-08 08:01:49.208601
1319,2019110701003727,NBL,43,22,800,310,248000.00,2019-11-08 08:01:49.208601
1320,2019110701003728,CIT,41,13,33,1760,58080.00,2019-11-08 08:01:49.208601
1321,2019110701003729,CIT,25,13,50,1760,88000.00,2019-11-08 08:01:49.208601
1322,2019110701003730,NMB,44,16,500,347,173500.00,2019-11-08 08:01:49.208601
1323,2019110701003731,UPPER,52,13,40,235,9400.00,2019-11-08 08:01:49.208601
1324,2019110701003732,UPPER,52,13,40,235,9400.00,2019-11-08 08:01:49.208601
1325,2019110701003733,UPPER,52,13,40,235,9400.00,2019-11-08 08:01:49.208601
1326,2019110701003734,UPPER,52,13,50,235,11750.00,2019-11-08 08:01:49.208601
